,Channel A Last (V),Channel B Last (V)
1676019799,,
1676019799,,
1676019800,,
1676019800,1.062,0.18
1676019800,1.059,0.178
1676019800,1.06,0.181
1676019800,1.06,0.175
1676019800,1.058,0.174
1676019800,1.058,0.178
1676019800,1.056,0.176
1676019800,1.059,0.177
1676019800,1.06,0.179
1676019800,1.061,0.177
1676019800,1.06,0.178
1676019800,1.061,0.177
1676019800,1.059,0.18
1676019800,1.055,0.178
1676019800,1.061,0.18
1676019800,1.062,0.178
1676019800,1.061,0.178
1676019800,1.057,0.179
1676019800,1.059,0.176
1676019801,1.058,0.179
1676019801,1.063,0.178
1676019801,1.061,0.171
1676019801,1.06,0.178
1676019801,1.061,0.178
1676019801,1.061,0.181
1676019801,1.058,0.178
1676019801,1.057,0.177
1676019801,1.061,0.179
1676019801,1.059,0.179
1676019801,1.059,0.177
1676019801,1.061,0.179
1676019801,1.058,0.179
1676019801,1.06,0.176
1676019801,1.062,0.176
1676019801,1.061,0.178
1676019801,1.059,0.176
1676019801,1.058,0.178
1676019801,1.058,0.18
1676019801,1.057,0.179
1676019802,1.059,0.178
1676019802,1.058,0.175
1676019802,1.06,0.177
1676019802,1.06,0.174
1676019802,1.056,0.175
1676019802,1.061,0.178
1676019802,1.06,0.177
1676019802,1.057,0.175
1676019802,1.06,0.181
1676019802,1.052,0.185
1676019802,1.056,0.178
1676019802,1.058,0.178
1676019802,1.061,0.176
1676019802,1.06,0.178
1676019802,1.059,0.174
1676019802,1.06,0.18
1676019802,1.061,0.18
1676019802,1.061,0.177
1676019802,1.058,0.178
1676019802,1.061,0.18
1676019803,1.061,0.177
1676019803,1.061,0.177
1676019803,1.059,0.176
1676019803,1.065,0.18
1676019803,1.061,0.177
1676019803,1.059,0.182
1676019803,1.059,0.178
1676019803,1.063,0.178
1676019803,1.058,0.176
1676019803,1.057,0.179
1676019803,1.058,0.178
1676019803,1.056,0.175
1676019803,1.06,0.18
1676019803,1.06,0.178
1676019803,1.056,0.177
1676019803,1.06,0.181
1676019803,1.057,0.177
1676019803,1.058,0.178
1676019803,1.06,0.178
1676019803,1.057,0.179
1676019804,1.058,0.18
1676019804,1.059,0.177
1676019804,1.057,0.177
1676019804,1.061,0.177
1676019804,1.057,0.175
1676019804,1.061,0.177
1676019804,1.058,0.178
1676019804,1.058,0.18
1676019804,1.06,0.177
1676019804,1.059,0.177
1676019804,1.057,0.177
1676019804,1.058,0.177
1676019804,1.059,0.18
1676019804,1.055,0.18
1676019804,1.059,0.179
1676019804,1.056,0.178
1676019804,1.057,0.176
1676019804,1.056,0.179
1676019804,1.056,0.174
1676019804,1.059,0.178
1676019805,1.058,0.179
1676019805,1.062,0.177
1676019805,1.059,0.177
1676019805,1.056,0.176
1676019805,1.059,0.171
1676019805,1.055,0.179
1676019805,1.057,0.176
1676019805,1.06,0.177
1676019805,1.06,0.176
1676019805,1.062,0.179
1676019805,1.061,0.176
1676019805,1.058,0.178
1676019805,1.058,0.177
1676019805,1.058,0.177
1676019805,1.056,0.177
1676019805,1.062,0.173
1676019805,1.06,0.178
1676019805,1.059,0.179
1676019805,1.056,0.176
1676019805,1.057,0.175
1676019806,1.057,0.176
1676019806,1.059,0.177
1676019806,1.058,0.174
1676019806,1.057,0.176
1676019806,1.056,0.174
1676019806,1.059,0.176
1676019806,1.058,0.18
1676019806,1.061,0.179
1676019806,1.057,0.177
1676019806,1.056,0.181
1676019806,1.055,0.178
1676019806,1.056,0.177
1676019806,1.062,0.173
1676019806,1.056,0.176
1676019806,1.057,0.179
1676019806,1.061,0.178
1676019806,1.059,0.178
1676019806,1.059,0.179
1676019806,1.056,0.179
1676019806,1.059,0.174
1676019807,1.058,0.179
1676019807,1.059,0.179
1676019807,1.061,0.174
1676019807,1.063,0.178
1676019807,1.06,0.176
1676019807,1.059,0.179
1676019807,1.062,0.176
1676019807,1.06,0.181
1676019807,1.059,0.177
1676019807,1.059,0.176
1676019807,1.061,0.178
1676019807,1.059,0.178
1676019807,1.063,0.177
1676019807,1.059,0.176
1676019807,1.062,0.173
1676019807,1.06,0.176
1676019807,1.061,0.176
1676019807,1.061,0.18
1676019807,1.059,0.177
1676019807,1.06,0.18
1676019808,1.062,0.176
1676019808,1.058,0.177
1676019808,1.058,0.177
1676019808,1.059,0.175
1676019808,1.058,0.178
1676019808,1.056,0.179
1676019808,1.06,0.173
1676019808,1.055,0.176
1676019808,1.057,0.175
1676019808,1.06,0.177
1676019808,1.058,0.179
1676019808,1.06,0.178
1676019808,1.058,0.174
1676019808,1.059,0.178
1676019808,1.061,0.178
1676019808,1.062,0.179
1676019808,1.061,0.177
1676019808,1.058,0.177
1676019808,1.059,0.176
1676019808,1.06,0.174
1676019809,1.059,0.175
1676019809,1.062,0.178
1676019809,1.059,0.179
1676019809,1.058,0.182
1676019809,1.059,0.178
1676019809,1.057,0.177
1676019809,1.057,0.179
1676019809,1.054,0.177
1676019809,1.059,0.177
1676019809,1.059,0.182
1676019809,1.057,0.178
1676019809,1.058,0.177
1676019809,1.057,0.178
1676019809,1.058,0.177
1676019809,1.059,0.172
1676019809,1.057,0.179
1676019809,1.059,0.178
1676019809,1.057,0.18
1676019809,1.058,0.178
1676019809,1.061,0.176
1676019810,1.056,0.179
1676019810,1.061,0.178
1676019810,1.057,0.176
1676019810,1.059,0.177
1676019810,1.058,0.176
1676019810,1.061,0.176
1676019810,1.057,0.176
1676019810,1.057,0.174
1676019810,1.061,0.177
1676019810,1.06,0.174
1676019810,1.057,0.178
1676019810,1.061,0.175
1676019810,1.059,0.175
1676019810,1.06,0.174
1676019810,1.061,0.173
1676019810,1.061,0.174
1676019810,1.062,0.179
1676019810,1.06,0.181
1676019810,1.062,0.178
1676019810,1.059,0.178
1676019811,1.056,0.176
1676019811,1.06,0.175
1676019811,1.059,0.176
1676019811,1.061,0.179
1676019811,1.058,0.174
1676019811,1.061,0.172
1676019811,1.057,0.179
1676019811,1.059,0.176
1676019811,1.06,0.178
1676019811,1.057,0.176
1676019811,1.06,0.175
1676019811,1.06,0.176
1676019811,1.058,0.179
1676019811,1.06,0.176
1676019811,1.058,0.178
1676019811,1.058,0.179
1676019811,1.059,0.179
1676019811,1.06,0.176
1676019811,1.06,0.178
1676019811,1.061,0.18
1676019812,1.057,0.179
1676019812,1.059,0.178
1676019812,1.055,0.179
1676019812,1.06,0.176
1676019812,1.058,0.177
1676019812,1.062,0.178
1676019812,1.062,0.177
1676019812,1.057,0.175
1676019812,1.059,0.179
1676019812,1.062,0.175
1676019812,1.057,0.178
1676019812,1.062,0.174
1676019812,1.061,0.177
1676019812,1.058,0.176
1676019812,1.057,0.176
1676019812,1.062,0.176
1676019812,1.062,0.177
1676019812,1.057,0.175
1676019812,1.062,0.178
1676019812,1.059,0.177
1676019813,1.058,0.177
1676019813,1.058,0.178
1676019813,1.055,0.177
1676019813,1.06,0.179
1676019813,1.06,0.179
1676019813,1.057,0.177
1676019813,1.058,0.18
1676019813,1.061,0.174
1676019813,1.057,0.177
1676019813,1.059,0.181
1676019813,1.055,0.18
1676019813,1.059,0.181
1676019813,1.058,0.177
1676019813,1.061,0.177
1676019813,1.058,0.178
1676019813,1.058,0.176
1676019813,1.057,0.177
1676019813,1.057,0.177
1676019813,1.06,0.177
1676019813,1.059,0.177
1676019814,1.058,0.178
1676019814,1.06,0.176
1676019814,1.055,0.176
1676019814,1.065,0.171
1676019814,1.057,0.179
1676019814,1.06,0.18
1676019814,1.059,0.181
1676019814,1.056,0.18
1676019814,1.059,0.181
1676019814,1.055,0.178
1676019814,1.055,0.177
1676019814,1.06,0.176
1676019814,1.057,0.18
1676019814,1.057,0.18
1676019814,1.056,0.178
1676019814,1.058,0.179
1676019814,1.059,0.177
1676019814,1.057,0.178
1676019814,1.056,0.176
1676019814,1.06,0.177
1676019815,1.059,0.177
1676019815,1.059,0.176
1676019815,1.06,0.175
1676019815,1.054,0.177
1676019815,1.059,0.176
1676019815,1.058,0.175
1676019815,1.057,0.177
1676019815,1.059,0.176
1676019815,1.056,0.179
1676019815,1.06,0.18
1676019815,1.062,0.18
1676019815,1.059,0.179
1676019815,1.058,0.181
1676019815,1.061,0.178
1676019815,1.058,0.176
1676019815,1.058,0.178
1676019815,1.06,0.176
1676019815,1.058,0.178
1676019815,1.059,0.178
1676019815,1.057,0.179
1676019816,1.059,0.174
1676019816,1.055,0.179
1676019816,1.057,0.178
1676019816,1.057,0.177
1676019816,1.051,0.179
1676019816,1.059,0.178
1676019816,1.058,0.176
1676019816,1.056,0.179
1676019816,1.058,0.183
1676019816,1.057,0.176
1676019816,1.058,0.177
1676019816,1.057,0.174
1676019816,1.062,0.179
1676019816,1.055,0.176
1676019816,1.055,0.176
1676019816,1.059,0.174
1676019816,1.059,0.182
1676019816,1.056,0.176
1676019816,1.06,0.179
1676019816,1.058,0.175
1676019817,1.055,0.179
1676019817,1.056,0.177
1676019817,1.056,0.178
1676019817,1.055,0.181
1676019817,1.058,0.178
1676019817,1.057,0.177
1676019817,1.057,0.182
1676019817,1.057,0.18
1676019817,1.058,0.18
1676019817,1.056,0.182
1676019817,1.058,0.179
1676019817,1.055,0.177
1676019817,1.056,0.177
1676019817,1.056,0.176
1676019817,1.057,0.178
1676019817,1.057,0.177
1676019817,1.06,0.178
1676019817,1.061,0.176
1676019817,1.062,0.178
1676019817,1.061,0.179
1676019818,1.062,0.18
1676019818,1.057,0.182
1676019818,1.059,0.177
1676019818,1.057,0.178
1676019818,1.058,0.18
1676019818,1.058,0.178
1676019818,1.06,0.176
1676019818,1.057,0.176
1676019818,1.057,0.177
1676019818,1.058,0.178
1676019818,1.057,0.179
1676019818,1.054,0.18
1676019818,1.057,0.179
1676019818,1.059,0.177
1676019818,1.057,0.182
1676019818,1.057,0.177
1676019818,1.058,0.18
1676019818,1.055,0.175
1676019818,1.06,0.179
1676019818,1.057,0.177
1676019819,1.055,0.18
1676019819,1.058,0.179
1676019819,1.059,0.176
1676019819,1.057,0.176
1676019819,1.058,0.179
1676019819,1.056,0.177
1676019819,1.059,0.174
1676019819,1.058,0.179
1676019819,1.058,0.174
1676019819,1.059,0.176
1676019819,1.057,0.179
1676019819,1.056,0.18
1676019819,1.057,0.18
1676019819,1.057,0.18
1676019819,1.056,0.18
1676019819,1.061,0.174
1676019819,1.057,0.178
1676019819,1.057,0.177
1676019819,1.059,0.181
1676019819,1.06,0.177
1676019820,1.057,0.177
1676019820,1.057,0.174
1676019820,1.058,0.176
1676019820,1.059,0.177
1676019820,1.055,0.182
1676019820,1.059,0.173
1676019820,1.057,0.176
1676019820,1.054,0.177
1676019820,1.058,0.177
1676019820,1.056,0.175
1676019820,1.055,0.179
1676019820,1.057,0.175
1676019820,1.06,0.18
1676019820,1.062,0.177
1676019820,1.057,0.178
1676019820,1.053,0.178
1676019820,1.055,0.177
1676019820,1.058,0.177
1676019820,1.059,0.178
1676019820,1.055,0.177
1676019821,1.055,0.175
1676019821,1.056,0.18
1676019821,1.056,0.179
1676019821,1.056,0.176
1676019821,1.054,0.178
1676019821,1.057,0.175
1676019821,1.058,0.178
1676019821,1.058,0.178
1676019821,1.058,0.177
1676019821,1.055,0.177
1676019821,1.059,0.179
1676019821,1.059,0.18
1676019821,1.058,0.177
1676019821,1.059,0.181
1676019821,1.057,0.175
1676019821,1.059,0.176
1676019821,1.056,0.179
1676019821,1.059,0.179
1676019821,1.056,0.178
1676019821,1.057,0.178
1676019822,1.056,0.178
1676019822,1.055,0.176
1676019822,1.045,0.163
1676019822,1.057,0.177
1676019822,1.057,0.18
1676019822,1.058,0.178
1676019822,1.06,0.174
1676019822,1.057,0.178
1676019822,1.058,0.179
1676019822,1.055,0.18
1676019822,1.056,0.179
1676019822,1.058,0.176
1676019822,1.057,0.178
1676019822,1.058,0.181
1676019822,1.058,0.176
1676019822,1.056,0.179
1676019822,1.062,0.174
1676019822,1.059,0.176
1676019822,1.06,0.177
1676019822,1.059,0.18
1676019823,1.056,0.178
1676019823,1.06,0.178
1676019823,1.056,0.179
1676019823,1.057,0.179
1676019823,1.058,0.177
1676019823,1.056,0.179
1676019823,1.058,0.176
1676019823,1.056,0.175
1676019823,1.057,0.176
1676019823,1.055,0.178
1676019823,1.059,0.175
1676019823,1.058,0.177
1676019823,1.057,0.179
1676019823,1.058,0.175
1676019823,1.055,0.177
1676019823,1.053,0.175
1676019823,1.056,0.177
1676019823,1.054,0.176
1676019823,1.057,0.177
1676019823,1.057,0.177
1676019824,1.061,0.179
1676019824,1.057,0.175
1676019824,1.058,0.179
1676019824,1.052,0.176
1676019824,1.056,0.177
1676019824,1.058,0.175
1676019824,1.055,0.179
1676019824,1.06,0.176
1676019824,1.058,0.178
1676019824,1.058,0.177
1676019824,1.059,0.178
1676019824,1.058,0.175
1676019824,1.059,0.177
1676019824,1.056,0.177
1676019824,1.059,0.178
1676019824,1.055,0.175
1676019824,1.053,0.177
1676019824,1.054,0.176
1676019824,1.057,0.174
1676019824,1.055,0.173
1676019825,1.056,0.177
1676019825,1.059,0.177
1676019825,1.056,0.176
1676019825,1.061,0.178
1676019825,1.055,0.173
1676019825,1.054,0.176
1676019825,1.057,0.176
1676019825,1.056,0.179
1676019825,1.056,0.173
1676019825,1.057,0.176
1676019825,1.059,0.174
1676019825,1.057,0.176
1676019825,1.057,0.177
1676019825,1.058,0.175
1676019825,1.052,0.176
1676019825,1.057,0.175
1676019825,1.058,0.176
1676019825,1.056,0.176
1676019825,1.053,0.177
1676019825,1.06,0.176
1676019826,1.053,0.175
1676019826,1.054,0.175
1676019826,1.057,0.177
1676019826,1.055,0.177
1676019826,1.056,0.176
1676019826,1.054,0.176
1676019826,1.058,0.175
1676019826,1.056,0.177
1676019826,1.055,0.175
1676019826,1.054,0.175
1676019826,1.054,0.174
1676019826,1.054,0.176
1676019826,1.057,0.177
1676019826,1.055,0.176
1676019826,1.058,0.175
1676019826,1.059,0.175
1676019826,1.054,0.175
1676019826,1.053,0.174
1676019826,1.054,0.176
1676019826,1.056,0.176
1676019827,1.057,0.174
1676019827,1.056,0.175
1676019827,1.058,0.176
1676019827,1.058,0.179
1676019827,1.058,0.178
1676019827,1.057,0.177
1676019827,1.055,0.176
1676019827,1.058,0.18
1676019827,1.059,0.175
1676019827,1.054,0.177
1676019827,1.057,0.175
1676019827,1.062,0.181
1676019827,1.057,0.174
1676019827,1.054,0.174
1676019827,1.057,0.174
1676019827,1.057,0.18
1676019827,1.056,0.175
1676019827,1.057,0.176
1676019827,1.058,0.176
1676019827,1.058,0.177
1676019828,1.06,0.172
1676019828,1.057,0.176
1676019828,1.056,0.176
1676019828,1.057,0.176
1676019828,1.056,0.177
1676019828,1.056,0.175
1676019828,1.057,0.175
1676019828,1.057,0.175
1676019828,1.056,0.175
1676019828,1.057,0.176
1676019828,1.056,0.175
1676019828,1.054,0.178
1676019828,1.056,0.176
1676019828,1.057,0.178
1676019828,1.055,0.173
1676019828,1.06,0.176
1676019828,1.057,0.175
1676019828,1.056,0.175
1676019828,1.058,0.176
1676019828,1.059,0.174
1676019829,1.053,0.181
1676019829,1.058,0.178
1676019829,1.055,0.174
1676019829,1.059,0.175
1676019829,1.057,0.175
1676019829,1.055,0.177
1676019829,1.056,0.176
1676019829,1.054,0.176
1676019829,1.053,0.175
1676019829,1.056,0.174
1676019829,1.057,0.174
1676019829,1.054,0.178
1676019829,1.058,0.177
1676019829,1.056,0.174
1676019829,1.055,0.175
1676019829,1.058,0.176
1676019829,1.056,0.176
1676019829,1.056,0.176
1676019829,1.06,0.177
1676019829,1.057,0.175
1676019830,1.057,0.175
1676019830,1.056,0.175
1676019830,1.058,0.176
1676019830,1.057,0.177
1676019830,1.057,0.176
1676019830,1.058,0.178
1676019830,1.055,0.175
1676019830,1.055,0.177
1676019830,1.058,0.177
1676019830,1.057,0.173
1676019830,1.056,0.174
1676019830,1.055,0.177
1676019830,1.058,0.173
1676019830,1.055,0.177
1676019830,1.052,0.177
1676019830,1.058,0.174
1676019830,1.059,0.175
1676019830,1.059,0.176
1676019830,1.055,0.176
1676019830,1.053,0.177
1676019831,1.058,0.175
1676019831,1.056,0.173
1676019831,1.056,0.175
1676019831,1.056,0.175
1676019831,1.057,0.172
1676019831,1.055,0.175
1676019831,1.059,0.175
1676019831,1.058,0.175
1676019831,1.055,0.176
1676019831,1.058,0.176
1676019831,1.057,0.178
1676019831,1.059,0.178
1676019831,1.057,0.179
1676019831,1.058,0.173
1676019831,1.059,0.175
1676019831,1.055,0.175
1676019831,1.057,0.179
1676019831,1.058,0.174
1676019831,1.058,0.177
1676019831,1.055,0.175
1676019832,1.058,0.177
1676019832,1.056,0.177
1676019832,1.059,0.176
1676019832,1.057,0.173
1676019832,1.058,0.175
1676019832,1.057,0.174
1676019832,1.057,0.176
1676019832,1.056,0.176
1676019832,1.059,0.177
1676019832,1.056,0.174
1676019832,1.058,0.177
1676019832,1.056,0.174
1676019832,1.058,0.171
1676019832,1.056,0.176
1676019832,1.056,0.171
1676019832,1.054,0.175
1676019832,1.053,0.175
1676019832,1.059,0.174
1676019832,1.059,0.174
1676019832,1.062,0.178
1676019833,1.057,0.176
1676019833,1.054,0.175
1676019833,1.048,0.178
1676019833,1.058,0.176
1676019833,1.056,0.176
1676019833,1.056,0.174
1676019833,1.054,0.176
1676019833,1.057,0.176
1676019833,1.058,0.175
1676019833,1.057,0.172
1676019833,1.058,0.175
1676019833,1.056,0.176
1676019833,1.06,0.177
1676019833,1.058,0.175
1676019833,1.057,0.175
1676019833,1.058,0.172
1676019833,1.06,0.176
1676019833,1.057,0.174
1676019833,1.056,0.178
1676019833,1.055,0.175
1676019834,1.058,0.177
1676019834,1.057,0.175
1676019834,1.06,0.174
1676019834,1.061,0.176
1676019834,1.059,0.174
1676019834,1.057,0.176
1676019834,1.055,0.179
1676019834,1.057,0.175
1676019834,1.059,0.175
1676019834,1.056,0.178
1676019834,1.057,0.177
1676019834,1.059,0.175
1676019834,1.058,0.175
1676019834,1.057,0.181
1676019834,1.056,0.179
1676019834,1.055,0.173
1676019834,1.057,0.176
1676019834,1.056,0.177
1676019834,1.059,0.176
1676019834,1.058,0.177
1676019835,1.059,0.175
1676019835,1.054,0.176
1676019835,1.06,0.177
1676019835,1.053,0.179
1676019835,1.057,0.174
1676019835,1.057,0.175
1676019835,1.056,0.175
1676019835,1.06,0.176
1676019835,1.058,0.181
1676019835,1.058,0.176
1676019835,1.053,0.177
1676019835,1.055,0.177
1676019835,1.06,0.176
1676019835,1.056,0.172
1676019835,1.058,0.177
1676019835,1.058,0.178
1676019835,1.056,0.175
1676019835,1.059,0.174
1676019835,1.057,0.177
1676019835,1.061,0.176
1676019836,1.059,0.176
1676019836,1.057,0.175
1676019836,1.057,0.177
1676019836,1.056,0.175
1676019836,1.057,0.171
1676019836,1.059,0.177
1676019836,1.057,0.176
1676019836,1.056,0.172
1676019836,1.056,0.176
1676019836,1.054,0.178
1676019836,1.054,0.177
1676019836,1.056,0.177
1676019836,1.054,0.176
1676019836,1.055,0.176
1676019836,1.057,0.174
1676019836,1.06,0.173
1676019836,1.061,0.174
1676019836,1.057,0.174
1676019836,1.057,0.174
1676019836,1.059,0.173
1676019837,1.056,0.176
1676019837,1.058,0.178
1676019837,1.056,0.174
1676019837,1.06,0.175
1676019837,1.064,0.182
1676019837,1.058,0.176
1676019837,1.055,0.176
1676019837,1.055,0.176
1676019837,1.06,0.18
1676019837,1.055,0.179
1676019837,1.059,0.177
1676019837,1.059,0.173
1676019837,1.059,0.176
1676019837,1.059,0.178
1676019837,1.057,0.173
1676019837,1.058,0.175
1676019837,1.054,0.177
1676019837,1.059,0.18
1676019837,1.057,0.177
1676019837,1.055,0.177
1676019838,1.057,0.178
1676019838,1.056,0.178
1676019838,1.058,0.173
1676019838,1.059,0.174
1676019838,1.057,0.176
1676019838,1.057,0.176
1676019838,1.06,0.174
1676019838,1.057,0.177
1676019838,1.059,0.177
1676019838,1.059,0.177
1676019838,1.058,0.174
1676019838,1.056,0.176
1676019838,1.058,0.176
1676019838,1.058,0.176
1676019838,1.058,0.176
1676019838,1.059,0.174
1676019838,1.058,0.176
1676019838,1.057,0.175
1676019838,1.055,0.175
1676019838,1.059,0.175
1676019839,1.057,0.174
1676019839,1.06,0.172
1676019839,1.059,0.178
1676019839,1.062,0.17
1676019839,1.059,0.173
1676019839,1.057,0.177
1676019839,1.056,0.178
1676019839,1.057,0.175
1676019839,1.059,0.181
1676019839,1.059,0.177
1676019839,1.057,0.173
1676019839,1.06,0.174
1676019839,1.059,0.176
1676019839,1.058,0.177
1676019839,1.058,0.177
1676019839,1.059,0.175
1676019839,1.055,0.175
1676019839,1.058,0.174
1676019839,1.054,0.174
1676019839,1.054,0.177
1676019840,1.056,0.175
1676019840,1.059,0.175
1676019840,1.06,0.179
1676019840,1.057,0.175
1676019840,1.057,0.176
1676019840,1.06,0.176
1676019840,1.059,0.175
1676019840,1.058,0.174
1676019840,1.058,0.174
1676019840,1.058,0.177
1676019840,1.057,0.177
1676019840,1.059,0.172
1676019840,1.061,0.179
1676019840,1.058,0.176
1676019840,1.057,0.178
1676019840,1.053,0.172
1676019840,1.061,0.178
1676019840,1.06,0.173
1676019840,1.056,0.175
1676019840,1.059,0.177
1676019841,1.055,0.175
1676019841,1.06,0.176
1676019841,1.057,0.176
1676019841,1.056,0.173
1676019841,1.056,0.171
1676019841,1.055,0.173
1676019841,1.058,0.176
1676019841,1.061,0.174
1676019841,1.056,0.175
1676019841,1.054,0.175
1676019841,1.058,0.178
1676019841,1.056,0.17
1676019841,1.058,0.174
1676019841,1.057,0.176
1676019841,1.056,0.175
1676019841,1.059,0.172
1676019841,1.056,0.178
1676019841,1.056,0.175
1676019841,1.053,0.174
1676019841,1.057,0.173
1676019842,1.058,0.177
1676019842,1.054,0.173
1676019842,1.057,0.176
1676019842,1.055,0.172
1676019842,1.055,0.174
1676019842,1.057,0.175
1676019842,1.055,0.173
1676019842,1.056,0.173
1676019842,1.058,0.175
1676019842,1.059,0.175
1676019842,1.059,0.177
1676019842,1.054,0.174
1676019842,1.055,0.174
1676019842,1.056,0.173
1676019842,1.058,0.172
1676019842,1.055,0.173
1676019842,1.06,0.174
1676019842,1.06,0.17
1676019842,1.056,0.176
1676019842,1.057,0.173
1676019843,1.058,0.173
1676019843,1.057,0.175
1676019843,1.056,0.174
1676019843,1.056,0.172
1676019843,1.057,0.176
1676019843,1.057,0.175
1676019843,1.06,0.175
1676019843,1.058,0.172
1676019843,1.056,0.176
1676019843,1.059,0.171
1676019843,1.054,0.174
1676019843,1.057,0.171
1676019843,1.056,0.172
1676019843,1.059,0.172
1676019843,1.059,0.172
1676019843,1.058,0.173
1676019843,1.055,0.173
1676019843,1.058,0.172
1676019843,1.056,0.174
1676019843,1.058,0.17
1676019844,1.059,0.173
1676019844,1.059,0.173
1676019844,1.054,0.175
1676019844,1.059,0.176
1676019844,1.059,0.174
1676019844,1.06,0.174
1676019844,1.055,0.176
1676019844,1.058,0.174
1676019844,1.057,0.174
1676019844,1.057,0.175
1676019844,1.056,0.172
1676019844,1.056,0.178
1676019844,1.058,0.173
1676019844,1.058,0.174
1676019844,1.056,0.173
1676019844,1.056,0.175
1676019844,1.055,0.178
1676019844,1.056,0.173
1676019844,1.057,0.172
1676019844,1.056,0.174
1676019845,1.055,0.172
1676019845,1.056,0.174
1676019845,1.06,0.174
1676019845,1.056,0.175
1676019845,1.057,0.174
1676019845,1.056,0.174
1676019845,1.057,0.175
1676019845,1.057,0.173
1676019845,1.056,0.174
1676019845,1.056,0.175
1676019845,1.05,0.177
1676019845,1.056,0.174
1676019845,1.055,0.174
1676019845,1.059,0.173
1676019845,1.059,0.175
1676019845,1.058,0.174
1676019845,1.056,0.172
1676019845,1.057,0.173
1676019845,1.058,0.172
1676019845,1.059,0.174
1676019846,1.058,0.172
1676019846,1.057,0.179
1676019846,1.058,0.174
1676019846,1.054,0.174
1676019846,1.057,0.172
1676019846,1.056,0.176
1676019846,1.058,0.174
1676019846,1.057,0.178
1676019846,1.059,0.174
1676019846,1.055,0.175
1676019846,1.059,0.177
1676019846,1.06,0.175
1676019846,1.056,0.173
1676019846,1.062,0.177
1676019846,1.063,0.173
1676019846,1.057,0.175
1676019846,1.056,0.172
1676019846,1.056,0.175
1676019846,1.057,0.172
1676019846,1.058,0.175
1676019847,1.059,0.174
1676019847,1.054,0.175
1676019847,1.052,0.172
1676019847,1.059,0.172
1676019847,1.058,0.175
1676019847,1.056,0.172
1676019847,1.054,0.176
1676019847,1.058,0.173
1676019847,1.057,0.172
1676019847,1.057,0.172
1676019847,1.06,0.176
1676019847,1.057,0.174
1676019847,1.055,0.174
1676019847,1.056,0.175
1676019847,1.056,0.177
1676019847,1.054,0.176
1676019847,1.058,0.175
1676019847,1.057,0.178
1676019847,1.057,0.174
1676019847,1.056,0.176
1676019848,1.055,0.175
1676019848,1.058,0.175
1676019848,1.056,0.173
1676019848,1.057,0.177
1676019848,1.054,0.178
1676019848,1.057,0.174
1676019848,1.055,0.175
1676019848,1.056,0.175
1676019848,1.056,0.171
1676019848,1.058,0.173
1676019848,1.054,0.171
1676019848,1.057,0.172
1676019848,1.059,0.174
1676019848,1.058,0.175
1676019848,1.057,0.177
1676019848,1.055,0.173
1676019848,1.055,0.175
1676019848,1.054,0.177
1676019848,1.055,0.175
1676019848,1.059,0.174
1676019849,1.053,0.174
1676019849,1.055,0.175
1676019849,1.057,0.175
1676019849,1.053,0.175
1676019849,1.056,0.173
1676019849,1.057,0.179
1676019849,1.056,0.17
1676019849,1.056,0.177
1676019849,1.059,0.173
1676019849,1.058,0.178
1676019849,1.056,0.175
1676019849,1.055,0.175
1676019849,1.058,0.175
1676019849,1.058,0.171
1676019849,1.056,0.172
1676019849,1.055,0.174
1676019849,1.057,0.174
1676019849,1.054,0.173
1676019849,1.056,0.174
1676019849,1.059,0.172
1676019850,1.06,0.169
1676019850,1.058,0.173
1676019850,1.055,0.17
1676019850,1.058,0.173
1676019850,1.056,0.173
1676019850,1.055,0.171
1676019850,1.058,0.172
1676019850,1.055,0.175
1676019850,1.057,0.174
1676019850,1.057,0.175
1676019850,1.06,0.172
1676019850,1.062,0.176
1676019850,1.056,0.175
1676019850,1.053,0.173
1676019850,1.057,0.173
1676019850,1.057,0.173
1676019850,1.058,0.173
1676019850,1.057,0.173
1676019850,1.059,0.174
1676019850,1.058,0.176
1676019851,1.058,0.17
1676019851,1.055,0.175
1676019851,1.053,0.173
1676019851,1.053,0.176
1676019851,1.056,0.175
1676019851,1.058,0.176
1676019851,1.055,0.173
1676019851,1.057,0.175
1676019851,1.052,0.174
1676019851,1.056,0.174
1676019851,1.058,0.171
1676019851,1.056,0.175
1676019851,1.054,0.171
1676019851,1.055,0.173
1676019851,1.056,0.171
1676019851,1.059,0.175
1676019851,1.058,0.174
1676019851,1.057,0.172
1676019851,1.055,0.173
1676019851,1.058,0.174
1676019852,1.054,0.175
1676019852,1.066,0.177
1676019852,1.056,0.169
1676019852,1.056,0.171
1676019852,1.056,0.173
1676019852,1.053,0.173
1676019852,1.056,0.173
1676019852,1.054,0.172
1676019852,1.056,0.174
1676019852,1.057,0.179
1676019852,1.051,0.175
1676019852,1.058,0.172
1676019852,1.055,0.176
1676019852,1.059,0.174
1676019852,1.058,0.172
1676019852,1.057,0.171
1676019852,1.053,0.171
1676019852,1.056,0.172
1676019852,1.056,0.173
1676019852,1.056,0.171
1676019853,1.058,0.173
1676019853,1.057,0.172
1676019853,1.059,0.174
1676019853,1.063,0.171
1676019853,1.056,0.171
1676019853,1.058,0.174
1676019853,1.057,0.172
1676019853,1.056,0.172
1676019853,1.055,0.174
1676019853,1.059,0.172
1676019853,1.05,0.17
1676019853,1.058,0.174
1676019853,1.056,0.171
1676019853,1.056,0.172
1676019853,1.058,0.173
1676019853,1.054,0.173
1676019853,1.053,0.173
1676019853,1.058,0.172
1676019853,1.054,0.171
1676019853,1.057,0.175
1676019854,1.059,0.174
1676019854,1.054,0.172
1676019854,1.063,0.176
1676019854,1.054,0.171
1676019854,1.058,0.175
1676019854,1.054,0.177
1676019854,1.055,0.174
1676019854,1.056,0.175
1676019854,1.054,0.173
1676019854,1.055,0.173
1676019854,1.055,0.17
1676019854,1.058,0.171
1676019854,1.058,0.175
1676019854,1.053,0.175
1676019854,1.055,0.175
1676019854,1.062,0.176
1676019854,1.056,0.175
1676019854,1.057,0.175
1676019854,1.057,0.17
1676019854,1.057,0.174
1676019855,1.056,0.176
1676019855,1.059,0.174
1676019855,1.056,0.172
1676019855,1.056,0.175
1676019855,1.055,0.173
1676019855,1.057,0.172
1676019855,1.058,0.178
1676019855,1.057,0.174
1676019855,1.053,0.172
1676019855,1.057,0.174
1676019855,1.057,0.172
1676019855,1.056,0.173
1676019855,1.056,0.174
1676019855,1.055,0.175
1676019855,1.055,0.172
1676019855,1.057,0.176
1676019855,1.058,0.174
1676019855,1.055,0.174
1676019855,1.056,0.173
1676019855,1.061,0.17
1676019856,1.052,0.175
1676019856,1.055,0.172
1676019856,1.056,0.171
1676019856,1.062,0.174
1676019856,1.059,0.174
1676019856,1.057,0.171
1676019856,1.06,0.178
1676019856,1.055,0.175
1676019856,1.06,0.173
1676019856,1.057,0.176
1676019856,1.057,0.175
1676019856,1.059,0.173
1676019856,1.061,0.174
1676019856,1.057,0.174
1676019856,1.059,0.171
1676019856,1.054,0.175
1676019856,1.057,0.172
1676019856,1.056,0.176
1676019856,1.053,0.173
1676019856,1.056,0.174
1676019857,1.055,0.174
1676019857,1.054,0.171
1676019857,1.058,0.175
1676019857,1.057,0.177
1676019857,1.056,0.171
1676019857,1.058,0.172
1676019857,1.057,0.172
1676019857,1.059,0.174
1676019857,1.058,0.17
1676019857,1.059,0.172
1676019857,1.053,0.172
1676019857,1.057,0.176
1676019857,1.055,0.174
1676019857,1.056,0.173
1676019857,1.055,0.173
1676019857,1.055,0.174
1676019857,1.06,0.171
1676019857,1.056,0.173
1676019857,1.054,0.172
1676019857,1.053,0.172
1676019858,1.054,0.17
1676019858,1.056,0.172
1676019858,1.058,0.171
1676019858,1.054,0.173
1676019858,1.059,0.178
1676019858,1.059,0.174
1676019858,1.055,0.175
1676019858,1.057,0.175
1676019858,1.057,0.173
1676019858,1.058,0.176
1676019858,1.055,0.177
1676019858,1.054,0.175
1676019858,1.055,0.17
1676019858,1.056,0.177
1676019858,1.057,0.173
1676019858,1.054,0.175
1676019858,1.056,0.174
1676019858,1.054,0.175
1676019858,1.059,0.175
1676019858,1.053,0.173
1676019859,1.055,0.173
1676019859,1.055,0.176
1676019859,1.053,0.173
1676019859,1.053,0.174
1676019859,1.057,0.174
1676019859,1.057,0.173
1676019859,1.058,0.175
1676019859,1.055,0.172
1676019859,1.055,0.175
1676019859,1.057,0.174
1676019859,1.053,0.173
1676019859,1.054,0.174
1676019859,1.055,0.173
1676019859,1.055,0.172
1676019859,1.054,0.174
1676019859,1.056,0.174
1676019859,1.057,0.175
1676019859,1.055,0.173
1676019859,1.055,0.17
1676019859,1.056,0.175
1676019860,1.056,0.177
1676019860,1.053,0.176
1676019860,1.055,0.173
1676019860,1.058,0.173
1676019860,1.056,0.172
1676019860,1.054,0.173
1676019860,1.054,0.174
1676019860,1.06,0.173
1676019860,1.055,0.174
1676019860,1.059,0.174
1676019860,1.054,0.172
1676019860,1.058,0.172
1676019860,1.056,0.171
1676019860,1.055,0.174
1676019860,1.056,0.171
1676019860,1.057,0.173
1676019860,1.058,0.173
1676019860,1.057,0.174
1676019860,1.057,0.174
1676019860,1.058,0.172
1676019861,1.055,0.175
1676019861,1.057,0.177
1676019861,1.056,0.172
1676019861,1.058,0.172
1676019861,1.056,0.174
1676019861,1.06,0.174
1676019861,1.057,0.175
1676019861,1.058,0.174
1676019861,1.056,0.172
1676019861,1.056,0.174
1676019861,1.056,0.173
1676019861,1.057,0.173
1676019861,1.057,0.17
1676019861,1.054,0.173
1676019861,1.056,0.172
1676019861,1.054,0.169
1676019861,1.054,0.173
1676019861,1.056,0.17
1676019861,1.057,0.17
1676019861,1.06,0.174
1676019862,1.056,0.176
1676019862,1.056,0.171
1676019862,1.06,0.176
1676019862,1.055,0.172
1676019862,1.057,0.173
1676019862,1.058,0.176
1676019862,1.056,0.174
1676019862,1.058,0.174
1676019862,1.055,0.175
1676019862,1.055,0.173
1676019862,1.055,0.173
1676019862,1.057,0.17
1676019862,1.057,0.175
1676019862,1.053,0.174
1676019862,1.057,0.176
1676019862,1.057,0.175
1676019862,1.058,0.176
1676019862,1.054,0.173
1676019862,1.056,0.175
1676019862,1.053,0.174
1676019863,1.055,0.175
1676019863,1.055,0.179
1676019863,1.054,0.174
1676019863,1.052,0.169
1676019863,1.054,0.174
1676019863,1.058,0.174
1676019863,1.06,0.176
1676019863,1.058,0.175
1676019863,1.056,0.173
1676019863,1.057,0.175
1676019863,1.053,0.178
1676019863,1.056,0.174
1676019863,1.056,0.175
1676019863,1.055,0.173
1676019863,1.053,0.173
1676019863,1.058,0.173
1676019863,1.056,0.176
1676019863,1.059,0.174
1676019863,1.053,0.174
1676019863,1.057,0.172
1676019864,1.055,0.178
1676019864,1.059,0.17
1676019864,1.053,0.176
1676019864,1.057,0.172
1676019864,1.056,0.172
1676019864,1.055,0.174
1676019864,1.052,0.179
1676019864,1.057,0.174
1676019864,1.055,0.175
1676019864,1.057,0.171
1676019864,1.056,0.174
1676019864,1.054,0.17
1676019864,1.057,0.174
1676019864,1.058,0.175
1676019864,1.056,0.172
1676019864,1.056,0.174
1676019864,1.057,0.172
1676019864,1.058,0.173
1676019864,1.055,0.173
1676019864,1.059,0.173
1676019865,1.055,0.174
1676019865,1.056,0.176
1676019865,1.058,0.17
1676019865,1.057,0.171
1676019865,1.058,0.172
1676019865,1.056,0.174
1676019865,1.053,0.171
1676019865,1.056,0.17
1676019865,1.056,0.174
1676019865,1.053,0.171
1676019865,1.055,0.171
1676019865,1.055,0.171
1676019865,1.056,0.172
1676019865,1.056,0.172
1676019865,1.057,0.173
1676019865,1.055,0.172
1676019865,1.054,0.173
1676019865,1.052,0.174
1676019865,1.055,0.175
1676019865,1.052,0.172
1676019866,1.052,0.173
1676019866,1.053,0.173
1676019866,1.055,0.173
1676019866,1.056,0.173
1676019866,1.057,0.171
1676019866,1.056,0.172
1676019866,1.057,0.172
1676019866,1.059,0.174
1676019866,1.057,0.174
1676019866,1.057,0.173
1676019866,1.057,0.171
1676019866,1.056,0.174
1676019866,1.055,0.176
1676019866,1.058,0.174
1676019866,1.056,0.173
1676019866,1.057,0.171
1676019866,1.055,0.173
1676019866,1.057,0.177
1676019866,1.058,0.171
1676019866,1.059,0.173
1676019867,1.058,0.175
1676019867,1.055,0.174
1676019867,1.055,0.173
1676019867,1.049,0.167
1676019867,1.056,0.171
1676019867,1.056,0.169
1676019867,1.054,0.174
1676019867,1.054,0.172
1676019867,1.055,0.169
1676019867,1.055,0.169
1676019867,1.052,0.172
1676019867,1.055,0.17
1676019867,1.057,0.173
1676019867,1.055,0.17
1676019867,1.056,0.173
1676019867,1.056,0.173
1676019867,1.054,0.171
1676019867,1.056,0.172
1676019867,1.055,0.174
1676019867,1.052,0.171
1676019868,1.055,0.171
1676019868,1.053,0.172
1676019868,1.055,0.174
1676019868,1.056,0.168
1676019868,1.053,0.172
1676019868,1.056,0.174
1676019868,1.053,0.173
1676019868,1.054,0.177
1676019868,1.053,0.173
1676019868,1.055,0.174
1676019868,1.055,0.173
1676019868,1.054,0.17
1676019868,1.049,0.174
1676019868,1.056,0.168
1676019868,1.055,0.172
1676019868,1.057,0.175
1676019868,1.054,0.173
1676019868,1.054,0.173
1676019868,1.056,0.177
1676019868,1.052,0.169
1676019869,1.055,0.173
1676019869,1.055,0.173
1676019869,1.056,0.172
1676019869,1.053,0.175
1676019869,1.054,0.171
1676019869,1.057,0.172
1676019869,1.054,0.171
1676019869,1.053,0.171
1676019869,1.055,0.172
1676019869,1.054,0.172
1676019869,1.056,0.171
1676019869,1.053,0.173
1676019869,1.055,0.172
1676019869,1.057,0.17
1676019869,1.054,0.171
1676019869,1.054,0.173
1676019869,1.057,0.174
1676019869,1.056,0.176
1676019869,1.054,0.174
1676019869,1.054,0.172
1676019870,1.058,0.172
1676019870,1.054,0.175
1676019870,1.055,0.173
1676019870,1.056,0.173
1676019870,1.058,0.172
1676019870,1.056,0.175
1676019870,1.057,0.174
1676019870,1.054,0.173
1676019870,1.055,0.171
1676019870,1.058,0.175
1676019870,1.056,0.171
1676019870,1.055,0.173
1676019870,1.053,0.174
1676019870,1.057,0.173
1676019870,1.053,0.171
1676019870,1.059,0.172
1676019870,1.054,0.174
1676019870,1.055,0.173
1676019870,1.053,0.172
1676019870,1.053,0.172
1676019871,1.055,0.169
1676019871,1.056,0.173
1676019871,1.052,0.174
1676019871,1.057,0.171
1676019871,1.051,0.172
1676019871,1.054,0.177
1676019871,1.055,0.171
1676019871,1.057,0.175
1676019871,1.056,0.173
1676019871,1.054,0.179
1676019871,1.053,0.171
1676019871,1.055,0.172
1676019871,1.054,0.173
1676019871,1.053,0.176
1676019871,1.053,0.172
1676019871,1.057,0.175
1676019871,1.057,0.173
1676019871,1.056,0.174
1676019871,1.057,0.172
1676019871,1.052,0.171
1676019872,1.055,0.174
1676019872,1.055,0.172
1676019872,1.058,0.17
1676019872,1.055,0.175
1676019872,1.054,0.173
1676019872,1.053,0.173
1676019872,1.054,0.172
1676019872,1.052,0.174
1676019872,1.055,0.173
1676019872,1.052,0.171
1676019872,1.056,0.172
1676019872,1.056,0.173
1676019872,1.054,0.175
1676019872,1.051,0.174
1676019872,1.055,0.174
1676019872,1.054,0.174
1676019872,1.055,0.169
1676019872,1.053,0.176
1676019872,1.056,0.171
1676019872,1.05,0.172
1676019873,1.055,0.171
1676019873,1.051,0.172
1676019873,1.053,0.171
1676019873,1.053,0.176
1676019873,1.054,0.171
1676019873,1.057,0.173
1676019873,1.054,0.171
1676019873,1.058,0.171
1676019873,1.054,0.172
1676019873,1.049,0.175
1676019873,1.049,0.173
1676019873,1.055,0.172
1676019873,1.054,0.172
1676019873,1.058,0.172
1676019873,1.055,0.172
1676019873,1.055,0.174
1676019873,1.053,0.172
1676019873,1.053,0.171
1676019873,1.057,0.171
1676019873,1.055,0.172
1676019874,1.055,0.173
1676019874,1.056,0.173
1676019874,1.057,0.172
1676019874,1.054,0.173
1676019874,1.055,0.172
1676019874,1.057,0.174
1676019874,1.055,0.172
1676019874,1.055,0.175
1676019874,1.053,0.17
1676019874,1.054,0.175
1676019874,1.054,0.171
1676019874,1.054,0.171
1676019874,1.054,0.175
1676019874,1.058,0.173
1676019874,1.051,0.174
1676019874,1.056,0.174
1676019874,1.058,0.171
1676019874,1.056,0.177
1676019874,1.057,0.172
1676019874,1.055,0.175
1676019875,1.055,0.173
1676019875,1.053,0.172
1676019875,1.057,0.173
1676019875,1.052,0.176
1676019875,1.055,0.171
1676019875,1.055,0.171
1676019875,1.056,0.175
1676019875,1.054,0.172
1676019875,1.051,0.172
1676019875,1.058,0.172
1676019875,1.053,0.173
1676019875,1.054,0.17
1676019875,1.052,0.171
1676019875,1.053,0.171
1676019875,1.055,0.173
1676019875,1.052,0.174
1676019875,1.05,0.174
1676019875,1.053,0.17
1676019875,1.054,0.17
1676019875,1.053,0.178
1676019876,1.053,0.171
1676019876,1.051,0.173
1676019876,1.057,0.172
1676019876,1.052,0.172
1676019876,1.054,0.171
1676019876,1.056,0.172
1676019876,1.052,0.172
1676019876,1.054,0.171
1676019876,1.055,0.172
1676019876,1.054,0.174
1676019876,1.052,0.17
1676019876,1.055,0.173
1676019876,1.054,0.173
1676019876,1.058,0.176
1676019876,1.056,0.171
1676019876,1.053,0.174
1676019876,1.056,0.173
1676019876,1.056,0.171
1676019876,1.056,0.169
1676019876,1.056,0.172
1676019877,1.055,0.172
1676019877,1.057,0.171
1676019877,1.056,0.173
1676019877,1.055,0.174
1676019877,1.055,0.172
1676019877,1.052,0.172
1676019877,1.054,0.172
1676019877,1.057,0.172
1676019877,1.054,0.17
1676019877,1.057,0.174
1676019877,1.051,0.169
1676019877,1.054,0.172
1676019877,1.055,0.17
1676019877,1.055,0.177
1676019877,1.053,0.169
1676019877,1.057,0.173
1676019877,1.053,0.174
1676019877,1.053,0.173
1676019877,1.057,0.169
1676019877,1.056,0.172
1676019878,1.056,0.169
1676019878,1.053,0.172
1676019878,1.054,0.174
1676019878,1.055,0.176
1676019878,1.056,0.172
1676019878,1.054,0.173
1676019878,1.056,0.17
1676019878,1.053,0.172
1676019878,1.055,0.174
1676019878,1.055,0.172
1676019878,1.054,0.17
1676019878,1.056,0.169
1676019878,1.054,0.167
1676019878,1.058,0.177
1676019878,1.055,0.171
1676019878,1.054,0.172
1676019878,1.052,0.173
1676019878,1.055,0.173
1676019878,1.055,0.168
1676019878,1.056,0.171
1676019879,1.056,0.172
1676019879,1.058,0.173
1676019879,1.056,0.173
1676019879,1.057,0.171
1676019879,1.055,0.171
1676019879,1.056,0.172
1676019879,1.055,0.17
1676019879,1.056,0.174
1676019879,1.056,0.171
1676019879,1.056,0.17
1676019879,1.055,0.172
1676019879,1.059,0.173
1676019879,1.053,0.167
1676019879,1.052,0.169
1676019879,1.057,0.172
1676019879,1.055,0.172
1676019879,1.057,0.169
1676019879,1.051,0.17
1676019879,1.056,0.173
1676019879,1.056,0.173
1676019880,1.056,0.172
1676019880,1.057,0.172
1676019880,1.054,0.172
1676019880,1.057,0.174
1676019880,1.051,0.169
1676019880,1.058,0.167
1676019880,1.057,0.172
1676019880,1.055,0.171
1676019880,1.056,0.172
1676019880,1.053,0.171
1676019880,1.056,0.171
1676019880,1.055,0.172
1676019880,1.054,0.173
1676019880,1.055,0.171
1676019880,1.054,0.169
1676019880,1.054,0.171
1676019880,1.052,0.171
1676019880,1.054,0.172
1676019880,1.057,0.174
1676019880,1.053,0.172
1676019881,1.055,0.171
1676019881,1.057,0.171
1676019881,1.059,0.172
1676019881,1.059,0.173
1676019881,1.056,0.174
1676019881,1.056,0.175
1676019881,1.057,0.172
1676019881,1.053,0.174
1676019881,1.057,0.174
1676019881,1.055,0.173
1676019881,1.056,0.173
1676019881,1.055,0.169
1676019881,1.058,0.172
1676019881,1.056,0.171
1676019881,1.057,0.174
1676019881,1.057,0.173
1676019881,1.056,0.175
1676019881,1.057,0.17
1676019881,1.058,0.175
1676019881,1.055,0.173
1676019882,1.05,0.171
1676019882,1.053,0.173
1676019882,1.053,0.174
1676019882,1.055,0.173
1676019882,1.057,0.174
1676019882,1.054,0.172
1676019882,1.057,0.175
1676019882,1.053,0.168
1676019882,1.057,0.171
1676019882,1.051,0.174
1676019882,1.051,0.177
1676019882,1.055,0.173
1676019882,1.056,0.174
1676019882,1.052,0.172
1676019882,1.055,0.174
1676019882,1.058,0.173
1676019882,1.054,0.173
1676019882,1.055,0.174
1676019882,1.055,0.173
1676019882,1.055,0.172
1676019883,1.053,0.174
1676019883,1.057,0.174
1676019883,1.056,0.172
1676019883,1.055,0.172
1676019883,1.056,0.173
1676019883,1.056,0.172
1676019883,1.053,0.172
1676019883,1.056,0.172
1676019883,1.055,0.176
1676019883,1.05,0.17
1676019883,1.058,0.171
1676019883,1.054,0.169
1676019883,1.054,0.173
1676019883,1.056,0.174
1676019883,1.057,0.172
1676019883,1.056,0.175
1676019883,1.054,0.172
1676019883,1.056,0.171
1676019883,1.057,0.171
1676019883,1.055,0.174
1676019884,1.054,0.173
1676019884,1.053,0.174
1676019884,1.051,0.172
1676019884,1.05,0.174
1676019884,1.059,0.172
1676019884,1.053,0.174
1676019884,1.056,0.172
1676019884,1.054,0.174
1676019884,1.058,0.169
1676019884,1.055,0.172
1676019884,1.056,0.172
1676019884,1.053,0.17
1676019884,1.054,0.173
1676019884,1.054,0.171
1676019884,1.053,0.171
1676019884,1.055,0.17
1676019884,1.056,0.172
1676019884,1.055,0.17
1676019884,1.054,0.168
1676019884,1.058,0.17
1676019885,1.055,0.173
1676019885,1.055,0.17
1676019885,1.057,0.173
1676019885,1.057,0.171
1676019885,1.054,0.177
1676019885,1.052,0.17
1676019885,1.053,0.173
1676019885,1.056,0.175
1676019885,1.053,0.174
1676019885,1.056,0.171
1676019885,1.054,0.173
1676019885,1.055,0.172
1676019885,1.056,0.173
1676019885,1.055,0.172
1676019885,1.053,0.173
1676019885,1.054,0.172
1676019885,1.051,0.174
1676019885,1.054,0.17
1676019885,1.055,0.173
1676019885,1.057,0.17
1676019886,1.057,0.172
1676019886,1.052,0.171
1676019886,1.06,0.171
1676019886,1.055,0.174
1676019886,1.051,0.172
1676019886,1.059,0.174
1676019886,1.055,0.169
1676019886,1.055,0.169
1676019886,1.058,0.173
1676019886,1.056,0.167
1676019886,1.058,0.175
1676019886,1.056,0.172
1676019886,1.056,0.174
1676019886,1.054,0.172
1676019886,1.056,0.173
1676019886,1.057,0.168
1676019886,1.055,0.175
1676019886,1.056,0.169
1676019886,1.055,0.175
1676019886,1.055,0.17
1676019887,1.053,0.174
1676019887,1.055,0.172
1676019887,1.056,0.172
1676019887,1.055,0.174
1676019887,1.055,0.171
1676019887,1.056,0.171
1676019887,1.057,0.173
1676019887,1.055,0.171
1676019887,1.056,0.173
1676019887,1.054,0.173
1676019887,1.056,0.172
1676019887,1.054,0.17
1676019887,1.054,0.172
1676019887,1.056,0.173
1676019887,1.057,0.172
1676019887,1.054,0.171
1676019887,1.057,0.172
1676019887,1.055,0.171
1676019887,1.057,0.173
1676019887,1.054,0.17
1676019888,1.056,0.172
1676019888,1.057,0.169
1676019888,1.055,0.173
1676019888,1.074,0.191
1676019888,1.054,0.172
1676019888,1.052,0.17
1676019888,1.053,0.17
1676019888,1.055,0.17
1676019888,1.054,0.174
1676019888,1.057,0.171
1676019888,1.053,0.176
1676019888,1.054,0.17
1676019888,1.056,0.172
1676019888,1.055,0.168
1676019888,1.056,0.169
1676019888,1.058,0.17
1676019888,1.052,0.172
1676019888,1.055,0.168
1676019888,1.057,0.171
1676019888,1.054,0.171
1676019889,1.056,0.17
1676019889,1.055,0.173
1676019889,1.059,0.17
1676019889,1.057,0.171
1676019889,1.054,0.173
1676019889,1.051,0.169
1676019889,1.056,0.175
1676019889,1.057,0.169
1676019889,1.057,0.168
1676019889,1.057,0.171
1676019889,1.055,0.169
1676019889,1.055,0.17
1676019889,1.056,0.169
1676019889,1.052,0.17
1676019889,1.053,0.171
1676019889,1.058,0.168
1676019889,1.057,0.171
1676019889,1.054,0.172
1676019889,1.055,0.171
1676019889,1.055,0.172
1676019890,1.054,0.171
1676019890,1.054,0.169
1676019890,1.056,0.168
1676019890,1.054,0.17
1676019890,1.053,0.171
1676019890,1.055,0.168
1676019890,1.059,0.171
1676019890,1.055,0.172
1676019890,1.054,0.171
1676019890,1.054,0.173
1676019890,1.055,0.172
1676019890,1.056,0.168
1676019890,1.05,0.171
1676019890,1.054,0.169
1676019890,1.059,0.173
1676019890,1.055,0.168
1676019890,1.058,0.172
1676019890,1.059,0.17
1676019890,1.053,0.168
1676019890,1.053,0.169
1676019891,1.053,0.169
1676019891,1.056,0.171
1676019891,1.052,0.173
1676019891,1.055,0.17
1676019891,1.055,0.169
1676019891,1.055,0.171
1676019891,1.057,0.17
1676019891,1.052,0.169
1676019891,1.056,0.173
1676019891,1.055,0.17
1676019891,1.055,0.171
1676019891,1.053,0.176
1676019891,1.055,0.17
1676019891,1.053,0.171
1676019891,1.055,0.173
1676019891,1.053,0.171
1676019891,1.054,0.169
1676019891,1.053,0.171
1676019891,1.054,0.174
1676019891,1.054,0.171
1676019892,1.056,0.169
1676019892,1.053,0.169
1676019892,1.053,0.169
1676019892,1.055,0.174
1676019892,1.051,0.173
1676019892,1.057,0.174
1676019892,1.057,0.171
1676019892,1.055,0.171
1676019892,1.053,0.172
1676019892,1.054,0.172
1676019892,1.056,0.17
1676019892,1.052,0.17
1676019892,1.056,0.173
1676019892,1.056,0.17
1676019892,1.055,0.172
1676019892,1.055,0.169
1676019892,1.056,0.173
1676019892,1.053,0.172
1676019892,1.053,0.169
1676019892,1.053,0.171
1676019893,1.059,0.168
1676019893,1.055,0.172
1676019893,1.054,0.171
1676019893,1.055,0.173
1676019893,1.054,0.171
1676019893,1.055,0.172
1676019893,1.055,0.17
1676019893,1.054,0.174
1676019893,1.053,0.172
1676019893,1.055,0.173
1676019893,1.056,0.172
1676019893,1.052,0.173
1676019893,1.057,0.17
1676019893,1.051,0.174
1676019893,1.056,0.171
1676019893,1.056,0.171
1676019893,1.057,0.168
1676019893,1.054,0.174
1676019893,1.055,0.17
1676019893,1.055,0.176
1676019894,1.056,0.174
1676019894,1.056,0.173
1676019894,1.054,0.172
1676019894,1.05,0.172
1676019894,1.055,0.168
1676019894,1.054,0.172
1676019894,1.055,0.172
1676019894,1.053,0.174
1676019894,1.054,0.171
1676019894,1.053,0.173
1676019894,1.056,0.169
1676019894,1.055,0.172
1676019894,1.054,0.172
1676019894,1.053,0.173
1676019894,1.053,0.168
1676019894,1.056,0.171
1676019894,1.052,0.169
1676019894,1.054,0.174
1676019894,1.054,0.171
1676019894,1.054,0.175
1676019895,1.051,0.17
1676019895,1.051,0.172
1676019895,1.053,0.174
1676019895,1.052,0.172
1676019895,1.053,0.17
1676019895,1.055,0.17
1676019895,1.054,0.169
1676019895,1.056,0.173
1676019895,1.056,0.174
1676019895,1.056,0.174
1676019895,1.054,0.17
1676019895,1.053,0.171
1676019895,1.057,0.168
1676019895,1.056,0.174
1676019895,1.054,0.171
1676019895,1.056,0.166
1676019895,1.054,0.169
1676019895,1.056,0.171
1676019895,1.055,0.171
1676019895,1.051,0.173
1676019896,1.051,0.168
1676019896,1.053,0.172
1676019896,1.05,0.168
1676019896,1.056,0.17
1676019896,1.054,0.171
1676019896,1.054,0.17
1676019896,1.054,0.172
1676019896,1.054,0.173
1676019896,1.054,0.169
1676019896,1.054,0.17
1676019896,1.058,0.169
1676019896,1.054,0.171
1676019896,1.055,0.168
1676019896,1.052,0.169
1676019896,1.055,0.172
1676019896,1.058,0.172
1676019896,1.054,0.171
1676019896,1.052,0.17
1676019896,1.055,0.171
1676019896,1.055,0.173
1676019897,1.055,0.167
1676019897,1.056,0.171
1676019897,1.061,0.172
1676019897,1.053,0.172
1676019897,1.056,0.17
1676019897,1.055,0.169
1676019897,1.052,0.169
1676019897,1.055,0.172
1676019897,1.056,0.169
1676019897,1.058,0.173
1676019897,1.055,0.167
1676019897,1.059,0.172
1676019897,1.053,0.17
1676019897,1.053,0.171
1676019897,1.054,0.168
1676019897,1.053,0.172
1676019897,1.056,0.173
1676019897,1.055,0.172
1676019897,1.056,0.169
1676019897,1.053,0.171
1676019898,1.055,0.168
1676019898,1.06,0.168
1676019898,1.054,0.171
1676019898,1.058,0.17
1676019898,1.055,0.171
1676019898,1.056,0.167
1676019898,1.054,0.169
1676019898,1.053,0.173
1676019898,1.054,0.172
1676019898,1.055,0.17
1676019898,1.053,0.17
1676019898,1.055,0.172
1676019898,1.055,0.171
1676019898,1.054,0.174
1676019898,1.056,0.171
1676019898,1.054,0.172
1676019898,1.053,0.17
1676019898,1.052,0.171
1676019898,1.055,0.172
1676019898,1.052,0.169
1676019899,1.057,0.174
1676019899,1.054,0.17
1676019899,1.055,0.171
1676019899,1.048,0.178
1676019899,1.055,0.174
1676019899,1.052,0.173
1676019899,1.052,0.171
1676019899,1.056,0.173
1676019899,1.058,0.173
1676019899,1.055,0.174
1676019899,1.055,0.175
1676019899,1.053,0.171
1676019899,1.055,0.169
1676019899,1.054,0.171
1676019899,1.055,0.171
1676019899,1.054,0.168
1676019899,1.053,0.173
1676019899,1.057,0.173
1676019899,1.052,0.17
1676019899,1.057,0.171
1676019900,1.056,0.171
1676019900,1.054,0.17
1676019900,1.054,0.17
1676019900,1.055,0.171
1676019900,1.055,0.172
1676019900,1.057,0.173
1676019900,1.055,0.171
1676019900,1.052,0.173
1676019900,1.053,0.171
1676019900,1.057,0.169
1676019900,1.052,0.168
1676019900,1.056,0.17
1676019900,1.052,0.172
1676019900,1.055,0.172
1676019900,1.052,0.171
1676019900,1.056,0.172
1676019900,1.054,0.174
1676019900,1.054,0.171
1676019900,1.056,0.169
1676019900,1.057,0.168
1676019901,1.054,0.172
1676019901,1.056,0.169
1676019901,1.053,0.169
1676019901,1.055,0.171
1676019901,1.048,0.166
1676019901,1.054,0.168
1676019901,1.054,0.17
1676019901,1.054,0.17
1676019901,1.054,0.169
1676019901,1.053,0.168
1676019901,1.057,0.168
1676019901,1.055,0.17
1676019901,1.054,0.17
1676019901,1.053,0.171
1676019901,1.057,0.173
1676019901,1.056,0.17
1676019901,1.054,0.169
1676019901,1.052,0.173
1676019901,1.054,0.171
1676019901,1.056,0.171
1676019902,1.052,0.169
1676019902,1.055,0.174
1676019902,1.053,0.17
1676019902,1.056,0.171
1676019902,1.052,0.17
1676019902,1.054,0.169
1676019902,1.057,0.167
1676019902,1.058,0.171
1676019902,1.053,0.17
1676019902,1.062,0.172
1676019902,1.056,0.17
1676019902,1.053,0.17
1676019902,1.054,0.17
1676019902,1.053,0.17
1676019902,1.053,0.17
1676019902,1.052,0.171
1676019902,1.054,0.17
1676019902,1.057,0.17
1676019902,1.057,0.169
1676019902,1.055,0.17
1676019903,1.052,0.168
1676019903,1.053,0.172
1676019903,1.055,0.171
1676019903,1.057,0.17
1676019903,1.055,0.167
1676019903,1.056,0.171
1676019903,1.057,0.169
1676019903,1.053,0.171
1676019903,1.053,0.171
1676019903,1.056,0.168
1676019903,1.054,0.174
1676019903,1.057,0.172
1676019903,1.055,0.173
1676019903,1.055,0.168
1676019903,1.056,0.172
1676019903,1.054,0.17
1676019903,1.054,0.171
1676019903,1.055,0.172
1676019903,1.051,0.171
1676019903,1.054,0.173
1676019904,1.053,0.169
1676019904,1.052,0.169
1676019904,1.053,0.171
1676019904,1.057,0.175
1676019904,1.058,0.169
1676019904,1.054,0.17
1676019904,1.055,0.169
1676019904,1.055,0.169
1676019904,1.057,0.173
1676019904,1.055,0.172
1676019904,1.049,0.17
1676019904,1.054,0.168
1676019904,1.056,0.17
1676019904,1.052,0.172
1676019904,1.053,0.173
1676019904,1.052,0.171
1676019904,1.055,0.175
1676019904,1.057,0.17
1676019904,1.053,0.172
1676019904,1.054,0.172
1676019905,1.055,0.174
1676019905,1.053,0.17
1676019905,1.058,0.175
1676019905,1.055,0.17
1676019905,1.053,0.172
1676019905,1.056,0.169
1676019905,1.054,0.168
1676019905,1.053,0.169
1676019905,1.055,0.169
1676019905,1.054,0.169
1676019905,1.054,0.171
1676019905,1.054,0.167
1676019905,1.056,0.172
1676019905,1.055,0.168
1676019905,1.054,0.171
1676019905,1.056,0.17
1676019905,1.052,0.171
1676019905,1.055,0.167
1676019905,1.054,0.171
1676019905,1.056,0.17
1676019906,1.053,0.173
1676019906,1.053,0.171
1676019906,1.057,0.172
1676019906,1.057,0.169
1676019906,1.051,0.173
1676019906,1.055,0.17
1676019906,1.053,0.172
1676019906,1.054,0.168
1676019906,1.055,0.172
1676019906,1.057,0.166
1676019906,1.056,0.172
1676019906,1.057,0.17
1676019906,1.055,0.172
1676019906,1.053,0.171
1676019906,1.055,0.168
1676019906,1.056,0.171
1676019906,1.056,0.169
1676019906,1.054,0.171
1676019906,1.055,0.171
1676019906,1.055,0.171
1676019907,1.054,0.173
1676019907,1.059,0.17
1676019907,1.058,0.174
1676019907,1.058,0.171
1676019907,1.056,0.172
1676019907,1.055,0.171
1676019907,1.053,0.174
1676019907,1.054,0.172
1676019907,1.053,0.171
1676019907,1.057,0.172
1676019907,1.056,0.168
1676019907,1.055,0.171
1676019907,1.055,0.17
1676019907,1.053,0.171
1676019907,1.056,0.172
1676019907,1.054,0.172
1676019907,1.054,0.17
1676019907,1.054,0.172
1676019907,1.054,0.169
1676019907,1.054,0.169
1676019908,1.057,0.171
1676019908,1.057,0.173
1676019908,1.053,0.171
1676019908,1.056,0.17
1676019908,1.055,0.171
1676019908,1.057,0.171
1676019908,1.054,0.173
1676019908,1.053,0.171
1676019908,1.057,0.172
1676019908,1.052,0.171
1676019908,1.053,0.175
1676019908,1.054,0.173
1676019908,1.056,0.172
1676019908,1.055,0.17
1676019908,1.053,0.172
1676019908,1.056,0.173
1676019908,1.055,0.172
1676019908,1.055,0.17
1676019908,1.055,0.171
1676019908,1.052,0.17
1676019909,1.056,0.171
1676019909,1.053,0.172
1676019909,1.057,0.17
1676019909,1.052,0.17
1676019909,1.056,0.171
1676019909,1.052,0.171
1676019909,1.053,0.17
1676019909,1.052,0.168
1676019909,1.056,0.17
1676019909,1.055,0.172
1676019909,1.056,0.175
1676019909,1.055,0.172
1676019909,1.055,0.173
1676019909,1.055,0.169
1676019909,1.053,0.174
1676019909,1.054,0.17
1676019909,1.057,0.173
1676019909,1.057,0.172
1676019909,1.055,0.174
1676019909,1.055,0.171
1676019910,1.054,0.172
1676019910,1.056,0.169
1676019910,1.053,0.168
1676019910,1.056,0.171
1676019910,1.054,0.171
1676019910,1.056,0.172
1676019910,1.053,0.169
1676019910,1.053,0.17
1676019910,1.05,0.174
1676019910,1.056,0.166
1676019910,1.055,0.173
1676019910,1.056,0.169
1676019910,1.057,0.172
1676019910,1.055,0.172
1676019910,1.053,0.171
1676019910,1.053,0.17
1676019910,1.057,0.168
1676019910,1.054,0.17
1676019910,1.053,0.168
1676019910,1.056,0.171
1676019911,1.053,0.169
1676019911,1.059,0.17
1676019911,1.052,0.173
1676019911,1.057,0.169
1676019911,1.055,0.173
1676019911,1.054,0.17
1676019911,1.055,0.171
1676019911,1.053,0.17
1676019911,1.053,0.172
1676019911,1.052,0.169
1676019911,1.056,0.171
1676019911,1.052,0.167
1676019911,1.056,0.171
1676019911,1.052,0.168
1676019911,1.052,0.168
1676019911,1.053,0.17
1676019911,1.052,0.168
1676019911,1.053,0.171
1676019911,1.052,0.169
1676019911,1.052,0.171
1676019912,1.054,0.17
1676019912,1.053,0.17
1676019912,1.054,0.171
1676019912,1.055,0.171
1676019912,1.057,0.178
1676019912,1.057,0.166
1676019912,1.054,0.171
1676019912,1.055,0.17
1676019912,1.052,0.171
1676019912,1.053,0.172
1676019912,1.056,0.169
1676019912,1.053,0.171
1676019912,1.054,0.171
1676019912,1.055,0.173
1676019912,1.055,0.172
1676019912,1.056,0.17
1676019912,1.052,0.171
1676019912,1.052,0.171
1676019912,1.055,0.171
1676019912,1.055,0.169
1676019913,1.053,0.17
1676019913,1.055,0.168
1676019913,1.055,0.17
1676019913,1.053,0.173
1676019913,1.056,0.175
1676019913,1.054,0.168
1676019913,1.053,0.17
1676019913,1.054,0.15
1676019913,1.051,0.134
1676019913,1.054,0.159
1676019913,1.053,0.165
1676019913,1.057,0.175
1676019913,1.049,0.159
1676019913,1.052,0.172
1676019913,1.052,0.16
1676019913,1.055,0.174
1676019913,1.057,0.184
1676019913,1.053,0.168
1676019913,1.056,0.169
1676019913,1.055,0.172
1676019914,1.053,0.171
1676019914,1.054,0.176
1676019914,1.052,0.158
1676019914,1.052,0.169
1676019914,1.056,0.176
1676019914,1.048,0.126
1676019914,1.056,0.201
1676019914,1.053,0.164
1676019914,1.054,0.181
1676019914,1.053,0.152
1676019914,1.05,0.144
1676019914,1.054,0.172
1676019914,1.053,0.178
1676019914,1.057,0.201
1676019914,1.054,0.165
1676019914,1.056,0.195
1676019914,1.051,0.188
1676019914,1.054,0.167
1676019914,1.053,0.179
1676019914,1.053,0.14
1676019915,1.055,0.176
1676019915,1.051,0.132
1676019915,1.05,0.169
1676019915,1.053,0.176
1676019915,1.054,0.192
1676019915,1.052,0.15
1676019915,1.047,0.165
1676019915,1.054,0.179
1676019915,1.052,0.122
1676019915,1.058,0.175
1676019915,1.054,0.18
1676019915,1.057,0.163
1676019915,1.053,0.183
1676019915,1.055,0.159
1676019915,1.054,0.161
1676019915,1.051,0.15
1676019915,1.053,0.173
1676019915,1.05,0.166
1676019915,1.052,0.165
1676019915,1.052,0.181
1676019916,1.054,0.17
1676019916,1.061,0.203
1676019916,1.053,0.173
1676019916,1.053,0.175
1676019916,1.055,0.172
1676019916,1.052,0.173
1676019916,1.052,0.168
1676019916,1.055,0.169
1676019916,1.052,0.171
1676019916,1.051,0.173
1676019916,1.055,0.168
1676019916,1.051,0.17
1676019916,1.051,0.17
1676019916,1.055,0.174
1676019916,1.054,0.17
1676019916,1.053,0.173
1676019916,1.052,0.171
1676019916,1.054,0.169
1676019916,1.052,0.172
1676019916,1.054,0.172
1676019917,1.052,0.174
1676019917,1.057,0.172
1676019917,1.054,0.172
1676019917,1.052,0.172
1676019917,1.05,0.17
1676019917,1.052,0.172
1676019917,1.054,0.171
1676019917,1.05,0.176
1676019917,1.051,0.172
1676019917,1.053,0.172
1676019917,1.054,0.169
1676019917,1.051,0.173
1676019917,1.052,0.172
1676019917,1.051,0.174
1676019917,1.056,0.173
1676019917,1.055,0.171
1676019917,1.055,0.17
1676019917,1.051,0.17
1676019917,1.054,0.173
1676019917,1.052,0.172
1676019918,1.052,0.172
1676019918,1.054,0.171
1676019918,1.055,0.168
1676019918,1.055,0.172
1676019918,1.051,0.17
1676019918,1.053,0.175
1676019918,1.051,0.173
1676019918,1.056,0.175
1676019918,1.052,0.177
1676019918,1.054,0.174
1676019918,1.053,0.173
1676019918,1.054,0.173
1676019918,1.055,0.17
1676019918,1.051,0.173
1676019918,1.054,0.17
1676019918,1.05,0.171
1676019918,1.053,0.172
1676019918,1.054,0.176
1676019918,1.053,0.17
1676019918,1.056,0.173
1676019919,1.054,0.173
1676019919,1.054,0.17
1676019919,1.052,0.168
1676019919,1.053,0.169
1676019919,1.053,0.169
1676019919,1.054,0.168
1676019919,1.052,0.172
1676019919,1.054,0.169
1676019919,1.051,0.169
1676019919,1.054,0.175
1676019919,1.053,0.169
1676019919,1.054,0.172
1676019919,1.053,0.172
1676019919,1.052,0.17
1676019919,1.056,0.169
1676019919,1.053,0.17
1676019919,1.055,0.173
1676019919,1.053,0.172
1676019919,1.052,0.173
1676019919,1.052,0.171
1676019920,1.052,0.172
1676019920,1.052,0.171
1676019920,1.052,0.17
1676019920,1.049,0.157
1676019920,1.054,0.173
1676019920,1.052,0.168
1676019920,1.052,0.171
1676019920,1.054,0.17
1676019920,1.054,0.171
1676019920,1.054,0.171
1676019920,1.053,0.169
1676019920,1.056,0.169
1676019920,1.049,0.171
1676019920,1.052,0.171
1676019920,1.053,0.171
1676019920,1.052,0.173
1676019920,1.054,0.171
1676019920,1.049,0.171
1676019920,1.054,0.173
1676019920,1.056,0.17
1676019921,1.052,0.17
1676019921,1.054,0.169
1676019921,1.053,0.17
1676019921,1.057,0.171
1676019921,1.054,0.17
1676019921,1.055,0.173
1676019921,1.055,0.174
1676019921,1.052,0.172
1676019921,1.052,0.168
1676019921,1.054,0.171
1676019921,1.048,0.171
1676019921,1.052,0.172
1676019921,1.051,0.171
1676019921,1.054,0.17
1676019921,1.053,0.172
1676019921,1.053,0.171
1676019921,1.058,0.166
1676019921,1.055,0.171
1676019921,1.052,0.168
1676019921,1.053,0.169
1676019922,1.05,0.169
1676019922,1.053,0.174
1676019922,1.053,0.17
1676019922,1.053,0.169
1676019922,1.052,0.169
1676019922,1.053,0.171
1676019922,1.051,0.173
1676019922,1.053,0.166
1676019922,1.049,0.147
1676019922,1.052,0.138
1676019922,1.053,0.172
1676019922,1.054,0.158
1676019922,1.051,0.151
1676019922,1.054,0.17
1676019922,1.054,0.189
1676019922,1.053,0.188
1676019922,1.051,0.144
1676019922,1.055,0.165
1676019922,1.052,0.143
1676019922,1.049,0.143
1676019923,1.055,0.176
1676019923,1.048,0.172
1676019923,1.051,0.152
1676019923,1.051,0.18
1676019923,1.059,0.173
1676019923,1.053,0.173
1676019923,1.05,0.158
1676019923,1.054,0.165
1676019923,1.054,0.178
1676019923,1.053,0.187
1676019923,1.049,0.162
1676019923,1.052,0.17
1676019923,1.052,0.181
1676019923,1.055,0.185
1676019923,1.054,0.172
1676019923,1.049,0.17
1676019923,1.054,0.172
1676019923,1.051,0.184
1676019923,1.055,0.162
1676019923,1.052,0.178
1676019924,1.051,0.176
1676019924,1.052,0.146
1676019924,1.05,0.149
1676019924,1.055,0.171
1676019924,1.055,0.175
1676019924,1.054,0.198
1676019924,1.051,0.184
1676019924,1.053,0.171
1676019924,1.053,0.163
1676019924,1.055,0.176
1676019924,1.046,0.168
1676019924,1.055,0.194
1676019924,1.052,0.182
1676019924,1.055,0.185
1676019924,1.052,0.175
1676019924,1.056,0.166
1676019924,1.055,0.202
1676019924,1.056,0.199
1676019924,1.055,0.182
1676019924,1.053,0.179
1676019925,1.055,0.144
1676019925,1.057,0.187
1676019925,1.053,0.148
1676019925,1.056,0.178
1676019925,1.051,0.159
1676019925,1.051,0.178
1676019925,1.049,0.15
1676019925,1.052,0.18
1676019925,1.056,0.168
1676019925,1.052,0.17
1676019925,1.054,0.186
1676019925,1.052,0.164
1676019925,1.055,0.188
1676019925,1.054,0.188
1676019925,1.056,0.2
1676019925,1.051,0.158
1676019925,1.051,0.182
1676019925,1.053,0.175
1676019925,1.053,0.163
1676019925,1.052,0.162
1676019926,1.052,0.186
1676019926,1.053,0.169
1676019926,1.055,0.168
1676019926,1.052,0.166
1676019926,1.054,0.167
1676019926,1.054,0.166
1676019926,1.054,0.172
1676019926,1.049,0.165
1676019926,1.054,0.167
1676019926,1.054,0.173
1676019926,1.049,0.169
1676019926,1.05,0.166
1676019926,1.051,0.17
1676019926,1.053,0.17
1676019926,1.055,0.169
1676019926,1.054,0.169
1676019926,1.054,0.17
1676019926,1.052,0.167
1676019926,1.055,0.169
1676019926,1.056,0.168
1676019927,1.054,0.167
1676019927,1.06,0.174
1676019927,1.057,0.17
1676019927,1.055,0.171
1676019927,1.053,0.168
1676019927,1.051,0.17
1676019927,1.052,0.17
1676019927,1.05,0.168
1676019927,1.05,0.172
1676019927,1.054,0.165
1676019927,1.051,0.168
1676019927,1.053,0.169
1676019927,1.054,0.17
1676019927,1.057,0.168
1676019927,1.05,0.169
1676019927,1.051,0.17
1676019927,1.052,0.167
1676019927,1.053,0.166
1676019927,1.053,0.167
1676019927,1.052,0.167
1676019928,1.053,0.168
1676019928,1.055,0.171
1676019928,1.051,0.172
1676019928,1.053,0.169
1676019928,1.053,0.17
1676019928,1.054,0.166
1676019928,1.052,0.17
1676019928,1.053,0.17
1676019928,1.052,0.173
1676019928,1.056,0.168
1676019928,1.055,0.171
1676019928,1.052,0.169
1676019928,1.056,0.172
1676019928,1.052,0.169
1676019928,1.051,0.169
1676019928,1.05,0.168
1676019928,1.054,0.167
1676019928,1.052,0.175
1676019928,1.052,0.154
1676019928,1.054,0.167
1676019929,1.053,0.168
1676019929,1.055,0.177
1676019929,1.046,0.184
1676019929,1.049,0.162
1676019929,1.053,0.172
1676019929,1.052,0.172
1676019929,1.053,0.164
1676019929,1.052,0.17
1676019929,1.052,0.17
1676019929,1.053,0.171
1676019929,1.051,0.171
1676019929,1.055,0.17
1676019929,1.055,0.171
1676019929,1.055,0.169
1676019929,1.052,0.171
1676019929,1.051,0.171
1676019929,1.051,0.169
1676019929,1.05,0.169
1676019929,1.053,0.169
1676019929,1.052,0.168
1676019930,1.054,0.168
1676019930,1.05,0.17
1676019930,1.052,0.171
1676019930,1.048,0.169
1676019930,1.051,0.173
1676019930,1.053,0.17
1676019930,1.051,0.171
1676019930,1.052,0.171
1676019930,1.055,0.171
1676019930,1.054,0.173
1676019930,1.053,0.171
1676019930,1.054,0.168
1676019930,1.055,0.173
1676019930,1.053,0.169
1676019930,1.052,0.168
1676019930,1.052,0.168
1676019930,1.054,0.169
1676019930,1.052,0.167
1676019930,1.053,0.172
1676019930,1.053,0.172
1676019931,1.056,0.172
1676019931,1.053,0.17
1676019931,1.053,0.17
1676019931,1.052,0.161
1676019931,1.053,0.17
1676019931,1.053,0.17
1676019931,1.052,0.169
1676019931,1.051,0.168
1676019931,1.052,0.174
1676019931,1.053,0.166
1676019931,1.051,0.171
1676019931,1.053,0.169
1676019931,1.053,0.171
1676019931,1.051,0.168
1676019931,1.053,0.166
1676019931,1.054,0.168
1676019931,1.056,0.17
1676019931,1.053,0.17
1676019931,1.052,0.169
1676019931,1.053,0.171
1676019932,1.05,0.168
1676019932,1.05,0.168
1676019932,1.053,0.168
1676019932,1.055,0.172
1676019932,1.052,0.173
1676019932,1.05,0.142
1676019932,1.057,0.18
1676019932,1.056,0.177
1676019932,1.053,0.169
1676019932,1.057,0.173
1676019932,1.053,0.169
1676019932,1.055,0.186
1676019932,1.055,0.169
1676019932,1.056,0.175
1676019932,1.06,0.172
1676019932,1.055,0.173
1676019932,1.052,0.153
1676019932,1.055,0.181
1676019932,1.054,0.175
1676019932,1.057,0.184
1676019933,1.054,0.183
1676019933,1.053,0.15
1676019933,1.055,0.168
1676019933,1.057,0.175
1676019933,1.05,0.123
1676019933,1.053,0.167
1676019933,1.053,0.155
1676019933,1.053,0.165
1676019933,1.055,0.172
1676019933,1.057,0.186
1676019933,1.053,0.178
1676019933,1.054,0.172
1676019933,1.052,0.169
1676019933,1.053,0.181
1676019933,1.055,0.175
1676019933,1.057,0.167
1676019933,1.056,0.177
1676019933,1.056,0.2
1676019933,1.054,0.162
1676019933,1.055,0.179
1676019934,1.054,0.166
1676019934,1.049,0.152
1676019934,1.051,0.18
1676019934,1.052,0.182
1676019934,1.046,0.122
1676019934,1.052,0.163
1676019934,1.051,0.161
1676019934,1.05,0.165
1676019934,1.053,0.179
1676019934,1.052,0.177
1676019934,1.054,0.169
1676019934,1.052,0.156
1676019934,1.052,0.162
1676019934,1.052,0.171
1676019934,1.055,0.176
1676019934,1.052,0.165
1676019934,1.051,0.146
1676019934,1.051,0.159
1676019934,1.052,0.189
1676019934,1.052,0.131
1676019935,1.053,0.203
1676019935,1.051,0.152
1676019935,1.056,0.16
1676019935,1.056,0.187
1676019935,1.056,0.184
1676019935,1.057,0.186
1676019935,1.06,0.215
1676019935,1.058,0.166
1676019935,1.053,0.142
1676019935,1.052,0.166
1676019935,1.051,0.151
1676019935,1.055,0.184
1676019935,1.053,0.175
1676019935,1.052,0.181
1676019935,1.053,0.186
1676019935,1.053,0.161
1676019935,1.057,0.173
1676019935,1.051,0.16
1676019935,1.054,0.162
1676019935,1.052,0.137
1676019936,1.059,0.159
1676019936,1.052,0.173
1676019936,1.055,0.165
1676019936,1.054,0.167
1676019936,1.053,0.169
1676019936,1.055,0.173
1676019936,1.054,0.169
1676019936,1.051,0.169
1676019936,1.051,0.166
1676019936,1.051,0.171
1676019936,1.051,0.168
1676019936,1.048,0.167
1676019936,1.056,0.171
1676019936,1.053,0.167
1676019936,1.054,0.166
1676019936,1.054,0.168
1676019936,1.054,0.169
1676019936,1.055,0.169
1676019936,1.048,0.171
1676019936,1.052,0.165
1676019937,1.056,0.172
1676019937,1.052,0.169
1676019937,1.056,0.171
1676019937,1.054,0.17
1676019937,1.052,0.167
1676019937,1.052,0.168
1676019937,1.057,0.17
1676019937,1.052,0.169
1676019937,1.056,0.17
1676019937,1.056,0.171
1676019937,1.053,0.17
1676019937,1.053,0.169
1676019937,1.056,0.17
1676019937,1.052,0.168
1676019937,1.051,0.168
1676019937,1.052,0.168
1676019937,1.051,0.168
1676019937,1.053,0.173
1676019937,1.052,0.172
1676019937,1.052,0.174
1676019938,1.053,0.169
1676019938,1.053,0.176
1676019938,1.053,0.167
1676019938,1.053,0.172
1676019938,1.053,0.168
1676019938,1.057,0.17
1676019938,1.055,0.172
1676019938,1.051,0.17
1676019938,1.054,0.171
1676019938,1.051,0.166
1676019938,1.052,0.165
1676019938,1.055,0.17
1676019938,1.052,0.17
1676019938,1.057,0.168
1676019938,1.054,0.17
1676019938,1.054,0.168
1676019938,1.055,0.168
1676019938,1.058,0.167
1676019938,1.053,0.168
1676019938,1.053,0.166
1676019939,1.054,0.166
1676019939,1.056,0.167
1676019939,1.052,0.17
1676019939,1.05,0.171
1676019939,1.055,0.169
1676019939,1.049,0.174
1676019939,1.053,0.168
1676019939,1.053,0.169
1676019939,1.053,0.168
1676019939,1.049,0.168
1676019939,1.051,0.175
1676019939,1.054,0.172
1676019939,1.054,0.167
1676019939,1.051,0.169
1676019939,1.053,0.166
1676019939,1.053,0.167
1676019939,1.05,0.172
1676019939,1.055,0.169
1676019939,1.049,0.17
1676019939,1.053,0.171
1676019940,1.053,0.169
1676019940,1.058,0.167
1676019940,1.052,0.17
1676019940,1.051,0.169
1676019940,1.058,0.166
1676019940,1.051,0.168
1676019940,1.05,0.168
1676019940,1.051,0.169
1676019940,1.051,0.163
1676019940,1.053,0.168
1676019940,1.052,0.167
1676019940,1.051,0.166
1676019940,1.054,0.168
1676019940,1.051,0.171
1676019940,1.054,0.167
1676019940,1.055,0.169
1676019940,1.052,0.167
1676019940,1.052,0.169
1676019940,1.053,0.167
1676019940,1.053,0.163
1676019941,1.055,0.167
1676019941,1.057,0.17
1676019941,1.057,0.166
1676019941,1.05,0.174
1676019941,1.055,0.17
1676019941,1.051,0.169
1676019941,1.053,0.17
1676019941,1.055,0.168
1676019941,1.054,0.166
1676019941,1.054,0.166
1676019941,1.057,0.166
1676019941,1.055,0.167
1676019941,1.054,0.17
1676019941,1.057,0.169
1676019941,1.053,0.171
1676019941,1.056,0.171
1676019941,1.056,0.172
1676019941,1.055,0.172
1676019941,1.051,0.168
1676019941,1.057,0.168
1676019942,1.052,0.167
1676019942,1.056,0.17
1676019942,1.052,0.172
1676019942,1.056,0.169
1676019942,1.055,0.166
1676019942,1.055,0.171
1676019942,1.056,0.168
1676019942,1.05,0.176
1676019942,1.054,0.167
1676019942,1.055,0.155
1676019942,1.057,0.192
1676019942,1.058,0.18
1676019942,1.057,0.203
1676019942,1.052,0.197
1676019942,1.056,0.169
1676019942,1.053,0.14
1676019942,1.055,0.173
1676019942,1.053,0.177
1676019942,1.055,0.201
1676019942,1.056,0.163
1676019943,1.052,0.165
1676019943,1.056,0.18
1676019943,1.054,0.149
1676019943,1.054,0.154
1676019943,1.056,0.18
1676019943,1.053,0.177
1676019943,1.051,0.15
1676019943,1.053,0.155
1676019943,1.055,0.142
1676019943,1.054,0.171
1676019943,1.051,0.159
1676019943,1.054,0.175
1676019943,1.055,0.152
1676019943,1.053,0.183
1676019943,1.054,0.15
1676019943,1.053,0.165
1676019943,1.057,0.179
1676019943,1.056,0.171
1676019943,1.051,0.161
1676019943,1.049,0.167
1676019944,1.053,0.159
1676019944,1.056,0.194
1676019944,1.054,0.128
1676019944,1.054,0.156
1676019944,1.057,0.154
1676019944,1.054,0.151
1676019944,1.057,0.182
1676019944,1.049,0.14
1676019944,1.055,0.178
1676019944,1.056,0.189
1676019944,1.054,0.17
1676019944,1.057,0.199
1676019944,1.053,0.172
1676019944,1.057,0.19
1676019944,1.054,0.152
1676019944,1.055,0.161
1676019944,1.049,0.145
1676019944,1.053,0.181
1676019944,1.052,0.175
1676019944,1.054,0.166
1676019945,1.054,0.172
1676019945,1.056,0.184
1676019945,1.057,0.16
1676019945,1.052,0.19
1676019945,1.051,0.157
1676019945,1.056,0.171
1676019945,1.058,0.186
1676019945,1.057,0.209
1676019945,1.055,0.177
1676019945,1.05,0.153
1676019945,1.053,0.159
1676019945,1.052,0.161
1676019945,1.055,0.181
1676019945,1.054,0.175
1676019945,1.05,0.173
1676019945,1.055,0.176
1676019945,1.053,0.183
1676019945,1.055,0.169
1676019945,1.054,0.169
1676019945,1.053,0.169
1676019946,1.048,0.177
1676019946,1.052,0.18
1676019946,1.053,0.166
1676019946,1.051,0.173
1676019946,1.052,0.167
1676019946,1.053,0.172
1676019946,1.054,0.167
1676019946,1.056,0.168
1676019946,1.051,0.162
1676019946,1.051,0.167
1676019946,1.053,0.167
1676019946,1.053,0.169
1676019946,1.056,0.166
1676019946,1.051,0.168
1676019946,1.054,0.168
1676019946,1.054,0.168
1676019946,1.052,0.166
1676019946,1.056,0.168
1676019946,1.053,0.166
1676019946,1.055,0.168
1676019947,1.053,0.172
1676019947,1.054,0.169
1676019947,1.054,0.166
1676019947,1.054,0.169
1676019947,1.053,0.166
1676019947,1.053,0.168
1676019947,1.051,0.168
1676019947,1.052,0.166
1676019947,1.051,0.167
1676019947,1.054,0.169
1676019947,1.052,0.168
1676019947,1.054,0.171
1676019947,1.051,0.169
1676019947,1.051,0.166
1676019947,1.055,0.169
1676019947,1.054,0.166
1676019947,1.053,0.168
1676019947,1.055,0.168
1676019947,1.052,0.163
1676019947,1.055,0.169
1676019948,1.053,0.167
1676019948,1.053,0.159
1676019948,1.052,0.164
1676019948,1.053,0.169
1676019948,1.053,0.163
1676019948,1.053,0.17
1676019948,1.05,0.167
1676019948,1.054,0.169
1676019948,1.053,0.169
1676019948,1.05,0.169
1676019948,1.049,0.164
1676019948,1.052,0.167
1676019948,1.049,0.163
1676019948,1.052,0.168
1676019948,1.052,0.168
1676019948,1.052,0.168
1676019948,1.054,0.165
1676019948,1.054,0.169
1676019948,1.05,0.168
1676019948,1.052,0.16
1676019949,1.052,0.169
1676019949,1.061,0.178
1676019949,1.057,0.163
1676019949,1.053,0.161
1676019949,1.052,0.161
1676019949,1.055,0.163
1676019949,1.052,0.171
1676019949,1.053,0.171
1676019949,1.051,0.165
1676019949,1.048,0.166
1676019949,1.055,0.166
1676019949,1.051,0.167
1676019949,1.053,0.169
1676019949,1.054,0.166
1676019949,1.053,0.166
1676019949,1.05,0.171
1676019949,1.051,0.167
1676019949,1.051,0.17
1676019949,1.052,0.166
1676019949,1.053,0.17
1676019950,1.053,0.169
1676019950,1.05,0.166
1676019950,1.042,0.179
1676019950,1.054,0.17
1676019950,1.051,0.168
1676019950,1.053,0.168
1676019950,1.048,0.172
1676019950,1.054,0.167
1676019950,1.053,0.167
1676019950,1.055,0.166
1676019950,1.052,0.168
1676019950,1.058,0.167
1676019950,1.052,0.165
1676019950,1.05,0.168
1676019950,1.05,0.167
1676019950,1.054,0.167
1676019950,1.05,0.168
1676019950,1.054,0.169
1676019950,1.054,0.169
1676019950,1.056,0.167
1676019951,1.056,0.167
1676019951,1.055,0.167
1676019951,1.053,0.167
1676019951,1.053,0.171
1676019951,1.053,0.169
1676019951,1.053,0.166
1676019951,1.052,0.169
1676019951,1.05,0.168
1676019951,1.053,0.166
1676019951,1.054,0.169
1676019951,1.054,0.17
1676019951,1.053,0.169
1676019951,1.05,0.168
1676019951,1.055,0.169
1676019951,1.054,0.166
1676019951,1.052,0.166
1676019951,1.052,0.166
1676019951,1.052,0.17
1676019951,1.05,0.17
1676019951,1.054,0.169
1676019952,1.051,0.168
1676019952,1.051,0.172
1676019952,1.051,0.168
1676019952,1.044,0.157
1676019952,1.052,0.164
1676019952,1.054,0.171
1676019952,1.051,0.176
1676019952,1.051,0.18
1676019952,1.05,0.161
1676019952,1.053,0.172
1676019952,1.05,0.147
1676019952,1.055,0.174
1676019952,1.054,0.172
1676019952,1.055,0.178
1676019952,1.05,0.141
1676019952,1.049,0.137
1676019952,1.051,0.169
1676019952,1.052,0.18
1676019952,1.054,0.171
1676019952,1.053,0.156
1676019953,1.053,0.182
1676019953,1.049,0.166
1676019953,1.054,0.175
1676019953,1.052,0.146
1676019953,1.052,0.172
1676019953,1.051,0.156
1676019953,1.05,0.161
1676019953,1.05,0.143
1676019953,1.052,0.164
1676019953,1.051,0.157
1676019953,1.053,0.167
1676019953,1.051,0.187
1676019953,1.049,0.17
1676019953,1.052,0.182
1676019953,1.054,0.163
1676019953,1.051,0.156
1676019953,1.049,0.132
1676019953,1.051,0.18
1676019953,1.051,0.137
1676019953,1.049,0.147
1676019954,1.054,0.193
1676019954,1.053,0.17
1676019954,1.049,0.153
1676019954,1.049,0.17
1676019954,1.053,0.134
1676019954,1.052,0.16
1676019954,1.052,0.179
1676019954,1.053,0.181
1676019954,1.053,0.182
1676019954,1.049,0.162
1676019954,1.05,0.154
1676019954,1.055,0.167
1676019954,1.049,0.153
1676019954,1.052,0.174
1676019954,1.047,0.151
1676019954,1.049,0.191
1676019954,1.055,0.184
1676019954,1.051,0.185
1676019954,1.054,0.167
1676019954,1.053,0.182
1676019955,1.056,0.199
1676019955,1.046,0.132
1676019955,1.052,0.16
1676019955,1.051,0.177
1676019955,1.054,0.166
1676019955,1.05,0.168
1676019955,1.052,0.172
1676019955,1.051,0.142
1676019955,1.049,0.164
1676019955,1.049,0.17
1676019955,1.055,0.178
1676019955,1.052,0.165
1676019955,1.054,0.179
1676019955,1.052,0.174
1676019955,1.051,0.164
1676019955,1.052,0.17
1676019955,1.053,0.169
1676019955,1.05,0.162
1676019955,1.051,0.153
1676019955,1.048,0.149
1676019956,1.052,0.164
1676019956,1.052,0.169
1676019956,1.05,0.166
1676019956,1.054,0.168
1676019956,1.052,0.168
1676019956,1.052,0.17
1676019956,1.053,0.168
1676019956,1.055,0.166
1676019956,1.049,0.168
1676019956,1.052,0.165
1676019956,1.051,0.165
1676019956,1.052,0.165
1676019956,1.051,0.167
1676019956,1.051,0.167
1676019956,1.052,0.171
1676019956,1.053,0.165
1676019956,1.052,0.169
1676019956,1.051,0.167
1676019956,1.051,0.169
1676019956,1.054,0.168
1676019957,1.054,0.163
1676019957,1.055,0.17
1676019957,1.048,0.169
1676019957,1.05,0.17
1676019957,1.052,0.168
1676019957,1.052,0.166
1676019957,1.053,0.167
1676019957,1.049,0.165
1676019957,1.052,0.169
1676019957,1.054,0.167
1676019957,1.054,0.167
1676019957,1.051,0.168
1676019957,1.053,0.169
1676019957,1.052,0.167
1676019957,1.053,0.169
1676019957,1.053,0.167
1676019957,1.053,0.172
1676019957,1.055,0.167
1676019957,1.051,0.169
1676019957,1.051,0.168
1676019958,1.049,0.167
1676019958,1.052,0.169
1676019958,1.051,0.168
1676019958,1.049,0.17
1676019958,1.048,0.169
1676019958,1.051,0.165
1676019958,1.055,0.171
1676019958,1.049,0.17
1676019958,1.052,0.168
1676019958,1.053,0.167
1676019958,1.052,0.168
1676019958,1.052,0.165
1676019958,1.051,0.172
1676019958,1.053,0.165
1676019958,1.052,0.17
1676019958,1.051,0.168
1676019958,1.048,0.168
1676019958,1.051,0.168
1676019958,1.054,0.169
1676019958,1.05,0.168
1676019959,1.053,0.166
1676019959,1.05,0.173
1676019959,1.055,0.168
1676019959,1.052,0.168
1676019959,1.052,0.169
1676019959,1.053,0.165
1676019959,1.052,0.167
1676019959,1.052,0.169
1676019959,1.053,0.167
1676019959,1.053,0.165
1676019959,1.055,0.17
1676019959,1.05,0.167
1676019959,1.051,0.17
1676019959,1.051,0.167
1676019959,1.052,0.166
1676019959,1.054,0.163
1676019959,1.052,0.169
1676019959,1.053,0.167
1676019959,1.054,0.166
1676019959,1.045,0.169
1676019960,1.053,0.164
1676019960,1.052,0.167
1676019960,1.053,0.165
1676019960,1.053,0.167
1676019960,1.049,0.163
1676019960,1.052,0.168
1676019960,1.052,0.166
1676019960,1.051,0.166
1676019960,1.054,0.166
1676019960,1.051,0.167
1676019960,1.053,0.165
1676019960,1.048,0.165
1676019960,1.052,0.169
1676019960,1.05,0.167
1676019960,1.052,0.164
1676019960,1.056,0.167
1676019960,1.05,0.168
1676019960,1.049,0.165
1676019960,1.049,0.168
1676019960,1.05,0.164
1676019961,1.053,0.169
1676019961,1.051,0.166
1676019961,1.053,0.17
1676019961,1.053,0.166
1676019961,1.053,0.164
1676019961,1.047,0.166
1676019961,1.337,0.167
1676019961,2.489,0.167
1676019961,2.49,0.168
1676019961,2.491,0.167
1676019961,2.487,0.169
1676019961,2.49,0.165
1676019961,2.494,0.171
1676019961,2.494,0.166
1676019961,2.493,0.168
1676019961,2.491,0.163
1676019961,2.493,0.166
1676019961,2.492,0.164
1676019961,2.494,0.167
1676019961,2.494,0.169
1676019962,2.49,0.168
1676019962,1.512,0.167
1676019962,1.051,0.168
1676019962,1.05,0.16
1676019962,1.052,0.17
1676019962,1.051,0.159
1676019962,1.053,5.837
1676019962,1.049,8.298
1676019962,1.049,8.3
1676019962,1.05,8.298
1676019962,1.049,8.298
1676019962,1.05,8.298
1676019962,1.048,8.298
1676019962,1.052,8.301
1676019962,1.054,8.301
1676019962,1.05,8.298
1676019962,1.053,8.295
1676019962,1.049,8.286
1676019962,1.05,8.287
1676019962,1.049,6.023
1676019963,1.047,0.158
1676019963,1.052,0.184
1676019963,1.051,0.162
1676019963,1.052,0.176
1676019963,1.048,0.164
1676019963,1.049,0.141
1676019963,1.045,0.145
1676019963,1.049,0.155
1676019963,1.046,0.144
1676019963,1.053,0.165
1676019963,1.046,0.163
1676019963,1.051,0.18
1676019963,1.048,0.176
1676019963,1.05,0.181
1676019963,1.051,0.171
1676019963,1.052,0.16
1676019963,1.053,0.192
1676019963,1.048,0.165
1676019963,1.05,0.148
1676019963,1.047,0.154
1676019964,1.051,0.16
1676019964,1.049,0.155
1676019964,1.051,0.164
1676019964,1.057,0.227
1676019964,1.051,0.186
1676019964,1.055,0.187
1676019964,1.053,0.2
1676019964,1.05,0.172
1676019964,1.05,0.164
1676019964,1.049,0.161
1676019964,1.048,0.163
1676019964,1.048,0.164
1676019964,1.05,0.167
1676019964,1.05,0.131
1676019964,1.054,0.174
1676019964,1.049,0.149
1676019964,1.052,0.176
1676019964,1.049,0.15
1676019964,1.052,0.16
1676019964,1.053,0.205
1676019965,1.052,0.161
1676019965,1.051,0.166
1676019965,1.055,0.189
1676019965,1.052,0.169
1676019965,1.054,0.233
1676019965,2.178,0.197
1676019965,2.493,0.211
1676019965,2.49,0.137
1676019965,2.49,0.174
1676019965,2.494,0.191
1676019965,2.49,0.147
1676019965,2.494,0.174
1676019965,2.493,0.193
1676019965,2.493,0.177
1676019965,2.494,0.185
1676019965,2.492,0.172
1676019965,2.49,0.164
1676019965,2.146,0.165
1676019965,1.05,0.161
1676019965,1.048,0.162
1676019966,1.051,0.163
1676019966,1.051,0.162
1676019966,1.045,0.161
1676019966,1.051,0.167
1676019966,1.049,6.175
1676019966,1.048,8.293
1676019966,1.05,8.293
1676019966,1.049,8.294
1676019966,1.047,8.295
1676019966,1.05,8.294
1676019966,1.051,8.292
1676019966,1.048,8.294
1676019966,1.05,8.294
1676019966,2.275,8.288
1676019966,2.493,8.265
1676019966,2.491,6.584
1676019966,2.494,0.166
1676019966,2.492,0.165
1676019966,2.493,0.168
1676019966,2.491,0.169
1676019967,2.49,0.17
1676019967,2.493,0.162
1676019967,2.492,0.169
1676019967,2.493,0.166
1676019967,2.495,0.167
1676019967,2.494,0.167
1676019967,1.83,0.164
1676019967,1.053,0.169
1676019967,1.054,0.168
1676019967,1.052,0.165
1676019967,1.05,0.171
1676019967,1.054,0.165
1676019967,1.052,0.649
1676019967,1.05,8.27
1676019967,1.051,8.294
1676019967,1.052,8.294
1676019967,1.05,8.296
1676019967,1.052,8.29
1676019967,1.051,8.291
1676019967,1.049,8.295
1676019968,1.053,8.292
1676019968,1.046,8.294
1676019968,1.051,8.297
1676019968,1.048,8.295
1676019968,1.049,5.04
1676019968,1.051,0.166
1676019968,1.053,0.169
1676019968,1.052,0.165
1676019968,1.049,0.164
1676019968,1.052,0.164
1676019968,1.05,0.167
1676019968,1.05,0.164
1676019968,1.05,0.168
1676019968,1.05,0.166
1676019968,1.051,0.168
1676019968,1.052,0.166
1676019968,1.051,0.164
1676019968,1.05,0.165
1676019968,1.052,0.165
1676019968,1.049,0.163
1676019969,1.051,0.17
1676019969,1.049,0.155
1676019969,1.051,0.17
1676019969,1.049,0.167
1676019969,1.05,0.178
1676019969,1.053,0.17
1676019969,1.052,0.171
1676019969,1.049,0.165
1676019969,1.052,0.166
1676019969,1.053,0.172
1676019969,1.053,0.165
1676019969,1.05,0.171
1676019969,1.05,0.169
1676019969,1.052,0.167
1676019969,1.05,0.168
1676019969,1.055,0.167
1676019969,1.052,0.167
1676019969,1.051,0.167
1676019969,1.05,0.168
1676019969,1.05,0.165
1676019970,1.049,0.166
1676019970,1.054,0.163
1676019970,1.048,0.167
1676019970,1.05,0.165
1676019970,1.05,0.168
1676019970,1.049,0.168
1676019970,1.048,0.166
1676019970,1.05,0.166
1676019970,1.05,0.167
1676019970,1.053,0.166
1676019970,1.053,0.167
1676019970,1.05,0.171
1676019970,1.05,0.166
1676019970,1.05,0.168
1676019970,1.05,0.17
1676019970,1.049,0.168
1676019970,1.047,0.164
1676019970,1.051,0.168
1676019970,1.05,0.167
1676019970,1.051,0.166
1676019971,1.051,0.167
1676019971,1.051,0.167
1676019971,1.049,0.168
1676019971,1.053,0.169
1676019971,1.05,0.164
1676019971,1.051,0.163
1676019971,1.048,0.169
1676019971,1.05,0.167
1676019971,1.054,0.167
1676019971,1.051,0.166
1676019971,1.049,0.162
1676019971,1.052,0.166
1676019971,1.052,0.168
1676019971,1.049,0.167
1676019971,1.053,0.165
1676019971,1.049,0.164
1676019971,1.051,0.165
1676019971,1.047,0.166
1676019971,1.05,0.164
1676019971,1.052,0.164
1676019972,1.05,0.164
1676019972,1.05,0.165
1676019972,1.05,0.163
1676019972,1.05,0.166
1676019972,1.05,0.178
1676019972,1.051,0.172
1676019972,1.05,0.166
1676019972,1.052,0.181
1676019972,1.051,0.149
1676019972,1.051,0.15
1676019972,1.049,0.149
1676019972,1.05,0.17
1676019972,1.046,0.135
1676019972,1.051,0.175
1676019972,1.05,0.161
1676019972,1.05,0.17
1676019972,1.054,0.169
1676019972,1.05,0.17
1676019972,1.049,0.164
1676019972,1.052,0.174
1676019973,1.047,0.142
1676019973,1.05,0.165
1676019973,1.051,0.158
1676019973,1.05,0.169
1676019973,1.052,0.169
1676019973,1.05,0.132
1676019973,1.051,0.166
1676019973,1.049,0.153
1676019973,1.053,0.162
1676019973,1.049,0.155
1676019973,1.051,0.183
1676019973,1.051,0.167
1676019973,1.054,0.149
1676019973,1.049,0.15
1676019973,1.051,0.171
1676019973,1.048,0.131
1676019973,1.047,0.149
1676019973,1.048,0.166
1676019973,1.048,0.161
1676019973,1.049,0.169
1676019974,1.047,0.133
1676019974,1.046,0.153
1676019974,1.049,0.155
1676019974,1.044,0.13
1676019974,1.048,0.158
1676019974,1.049,0.168
1676019974,1.052,0.172
1676019974,1.049,0.161
1676019974,1.05,0.196
1676019974,1.048,0.141
1676019974,1.051,0.179
1676019974,1.05,0.174
1676019974,1.049,0.187
1676019974,1.046,0.142
1676019974,1.052,0.195
1676019974,1.048,0.177
1676019974,1.046,0.165
1676019974,1.05,0.168
1676019974,1.051,0.166
1676019974,1.049,0.185
1676019975,1.048,0.149
1676019975,1.048,0.138
1676019975,1.05,0.176
1676019975,1.048,0.155
1676019975,1.049,0.163
1676019975,1.052,0.176
1676019975,1.05,0.153
1676019975,1.051,0.164
1676019975,1.049,0.166
1676019975,1.047,0.153
1676019975,1.049,0.147
1676019975,1.048,0.155
1676019975,1.05,0.186
1676019975,1.048,0.15
1676019975,1.053,0.187
1676019975,1.051,0.177
1676019975,1.049,0.155
1676019975,1.05,0.167
1676019975,1.047,0.163
1676019975,1.051,0.172
1676019976,1.048,0.177
1676019976,1.049,0.159
1676019976,1.048,0.164
1676019976,1.048,0.162
1676019976,1.041,0.166
1676019976,1.046,0.167
1676019976,1.051,0.166
1676019976,1.048,0.169
1676019976,1.049,0.166
1676019976,1.051,0.167
1676019976,1.05,0.166
1676019976,1.05,0.17
1676019976,1.051,0.168
1676019976,1.049,0.165
1676019976,1.053,0.164
1676019976,1.05,0.168
1676019976,1.051,0.167
1676019976,1.051,0.168
1676019976,1.051,0.168
1676019976,1.049,0.165
1676019977,1.052,0.169
1676019977,1.047,0.168
1676019977,1.051,0.166
1676019977,1.05,0.167
1676019977,1.051,0.168
1676019977,1.052,0.166
1676019977,1.049,0.165
1676019977,1.048,0.166
1676019977,1.049,0.166
1676019977,1.048,0.165
1676019977,1.05,0.166
1676019977,1.05,0.166
1676019977,1.048,0.164
1676019977,1.05,0.168
1676019977,1.05,0.167
1676019977,1.056,0.166
1676019977,1.047,0.164
1676019977,1.052,0.167
1676019977,1.051,0.165
1676019977,1.049,0.168
1676019978,1.048,0.168
1676019978,1.052,0.166
1676019978,1.05,0.166
1676019978,1.05,0.168
1676019978,1.049,0.168
1676019978,1.043,0.16
1676019978,1.049,0.164
1676019978,1.052,0.169
1676019978,1.048,0.166
1676019978,1.047,0.166
1676019978,1.054,0.167
1676019978,1.05,0.164
1676019978,1.053,0.168
1676019978,1.05,0.165
1676019978,1.051,0.164
1676019978,1.047,0.166
1676019978,1.051,0.168
1676019978,1.051,0.167
1676019978,1.049,0.168
1676019978,1.052,0.165
1676019979,1.054,0.163
1676019979,1.05,0.164
1676019979,1.049,0.165
1676019979,1.051,0.164
1676019979,1.051,0.166
1676019979,1.048,0.168
1676019979,1.047,0.163
1676019979,1.051,0.167
1676019979,1.051,0.164
1676019979,1.049,0.165
1676019979,1.051,0.167
1676019979,1.047,0.165
1676019979,1.048,0.165
1676019979,1.051,0.166
1676019979,1.052,0.165
1676019979,1.05,0.163
1676019979,1.052,0.165
1676019979,1.051,0.167
1676019979,1.05,0.167
1676019979,1.051,0.167
1676019980,1.049,0.164
1676019980,1.041,0.162
1676019980,1.05,0.165
1676019980,1.049,0.168
1676019980,1.05,0.171
1676019980,1.051,0.164
1676019980,1.046,0.167
1676019980,1.052,0.165
1676019980,1.052,0.17
1676019980,1.05,0.167
1676019980,1.051,0.167
1676019980,1.054,0.166
1676019980,1.05,0.166
1676019980,1.048,0.169
1676019980,1.05,0.165
1676019980,1.048,0.163
1676019980,1.052,0.166
1676019980,1.052,0.166
1676019980,1.05,0.166
1676019980,1.048,0.164
1676019981,1.051,0.168
1676019981,1.052,0.166
1676019981,1.048,0.163
1676019981,1.05,0.165
1676019981,1.052,0.164
1676019981,1.049,0.166
1676019981,1.049,0.164
1676019981,1.051,0.167
1676019981,1.049,0.165
1676019981,1.048,0.165
1676019981,1.052,0.169
1676019981,1.047,0.163
1676019981,1.047,0.165
1676019981,1.049,0.164
1676019981,1.049,0.163
1676019981,1.053,0.168
1676019981,1.052,0.163
1676019981,1.051,0.166
1676019981,1.051,0.164
1676019981,1.048,0.168
1676019982,1.048,0.163
1676019982,1.049,0.164
1676019982,1.045,0.158
1676019982,1.052,0.169
1676019982,1.048,0.167
1676019982,1.05,0.166
1676019982,1.05,0.165
1676019982,1.055,0.186
1676019982,1.052,0.174
1676019982,1.051,0.173
1676019982,1.05,0.16
1676019982,1.052,0.177
1676019982,1.051,0.164
1676019982,1.05,0.191
1676019982,1.045,0.126
1676019982,1.05,0.183
1676019982,1.051,0.16
1676019982,1.05,0.17
1676019982,1.05,0.162
1676019982,1.049,0.17
1676019983,1.051,0.187
1676019983,1.049,0.171
1676019983,1.05,0.181
1676019983,1.048,0.16
1676019983,1.052,0.166
1676019983,1.05,0.172
1676019983,1.05,0.146
1676019983,1.055,0.167
1676019983,1.051,0.171
1676019983,1.048,0.147
1676019983,1.049,0.154
1676019983,1.049,0.158
1676019983,1.047,0.145
1676019983,1.051,0.164
1676019983,1.047,0.133
1676019983,1.048,0.147
1676019983,1.052,0.16
1676019983,1.052,0.145
1676019983,1.052,0.184
1676019983,1.052,0.18
1676019984,1.049,0.147
1676019984,1.051,0.156
1676019984,1.052,0.162
1676019984,1.064,0.219
1676019984,1.048,0.185
1676019984,1.054,0.202
1676019984,1.052,0.184
1676019984,1.052,0.176
1676019984,1.051,0.176
1676019984,1.049,0.155
1676019984,1.05,0.168
1676019984,1.052,0.16
1676019984,1.053,0.165
1676019984,1.053,0.209
1676019984,1.05,0.149
1676019984,1.053,0.164
1676019984,1.05,0.137
1676019984,1.049,0.141
1676019984,1.054,0.191
1676019984,1.051,0.162
1676019985,1.049,0.154
1676019985,1.05,0.168
1676019985,1.05,0.171
1676019985,1.044,0.113
1676019985,1.049,0.16
1676019985,1.053,0.19
1676019985,1.05,0.159
1676019985,1.054,0.176
1676019985,1.051,0.216
1676019985,1.05,0.174
1676019985,1.048,0.18
1676019985,1.051,0.176
1676019985,1.05,0.165
1676019985,1.052,0.185
1676019985,1.054,0.167
1676019985,1.051,0.167
1676019985,1.048,0.149
1676019985,1.051,0.155
1676019985,1.048,0.165
1676019985,1.052,0.168
1676019986,1.053,0.169
1676019986,1.047,0.15
1676019986,1.051,0.164
1676019986,1.053,0.162
1676019986,1.053,0.162
1676019986,1.049,0.17
1676019986,1.05,0.167
1676019986,1.049,0.163
1676019986,1.052,0.168
1676019986,1.05,0.168
1676019986,1.05,0.165
1676019986,1.051,0.163
1676019986,1.051,0.167
1676019986,1.049,0.165
1676019986,1.054,0.163
1676019986,1.049,0.163
1676019986,1.05,0.164
1676019986,1.05,0.164
1676019986,1.047,0.161
1676019986,1.05,0.163
1676019987,1.054,0.164
1676019987,1.05,0.168
1676019987,1.049,0.165
1676019987,1.051,0.163
1676019987,1.048,0.163
1676019987,1.052,0.166
1676019987,1.049,0.165
1676019987,1.048,0.165
1676019987,1.052,0.166
1676019987,1.046,0.167
1676019987,1.047,0.166
1676019987,1.054,0.165
1676019987,1.049,0.167
1676019987,1.05,0.166
1676019987,1.05,0.164
1676019987,1.051,0.165
1676019987,1.05,0.162
1676019987,1.051,0.162
1676019987,1.049,0.163
1676019987,1.049,0.164
1676019988,1.055,0.164
1676019988,1.046,0.163
1676019988,1.05,0.162
1676019988,1.049,0.168
1676019988,1.047,0.162
1676019988,1.05,0.167
1676019988,1.051,0.166
1676019988,1.048,0.168
1676019988,1.05,0.163
1676019988,1.05,0.166
1676019988,1.05,0.165
1676019988,1.051,0.167
1676019988,1.051,0.164
1676019988,1.05,0.164
1676019988,1.047,0.162
1676019988,1.05,0.164
1676019988,1.05,0.165
1676019988,1.053,0.163
1676019988,1.051,0.166
1676019988,1.052,0.161
1676019989,1.046,0.164
1676019989,1.049,0.171
1676019989,1.055,0.169
1676019989,1.051,0.172
1676019989,1.051,0.165
1676019989,1.049,0.182
1676019989,1.048,0.158
1676019989,1.049,0.158
1676019989,1.05,0.162
1676019989,1.05,0.166
1676019989,1.052,0.173
1676019989,1.051,0.163
1676019989,1.051,0.165
1676019989,1.054,0.163
1676019989,1.05,0.164
1676019989,1.048,0.165
1676019989,1.049,0.167
1676019989,1.051,0.164
1676019989,1.046,0.165
1676019989,1.051,0.167
1676019990,1.047,0.166
1676019990,1.052,0.165
1676019990,1.051,0.16
1676019990,1.048,0.164
1676019990,1.047,0.165
1676019990,1.048,0.163
1676019990,1.05,0.165
1676019990,1.049,0.166
1676019990,1.05,0.166
1676019990,1.051,0.164
1676019990,1.051,0.161
1676019990,1.051,0.165
1676019990,1.05,0.162
1676019990,1.051,0.166
1676019990,1.051,0.168
1676019990,1.052,0.168
1676019990,1.049,0.165
1676019990,1.05,0.167
1676019990,1.05,0.167
1676019990,1.05,0.165
1676019991,1.052,0.163
1676019991,1.056,0.167
1676019991,1.047,0.165
1676019991,1.048,0.167
1676019991,1.048,0.167
1676019991,1.054,0.171
1676019991,1.052,0.166
1676019991,1.053,0.168
1676019991,1.048,0.163
1676019991,1.051,0.172
1676019991,1.05,0.165
1676019991,1.049,0.169
1676019991,1.049,0.163
1676019991,1.047,0.166
1676019991,1.05,0.164
1676019991,1.056,0.165
1676019991,1.05,0.166
1676019991,1.048,0.162
1676019991,1.049,0.167
1676019991,1.048,0.163
1676019992,1.045,0.165
1676019992,1.052,0.169
1676019992,1.046,0.168
1676019992,1.049,0.165
1676019992,1.049,0.163
1676019992,1.048,0.167
1676019992,1.053,0.171
1676019992,1.053,0.159
1676019992,1.047,0.164
1676019992,1.054,0.172
1676019992,1.05,0.179
1676019992,1.048,0.143
1676019992,1.051,0.15
1676019992,1.05,0.172
1676019992,1.052,0.161
1676019992,1.048,0.169
1676019992,1.047,0.156
1676019992,1.048,0.166
1676019992,1.053,0.189
1676019992,1.053,0.149
1676019993,1.053,0.171
1676019993,1.052,0.187
1676019993,1.044,0.172
1676019993,1.051,0.161
1676019993,1.051,0.17
1676019993,1.051,0.168
1676019993,1.051,0.172
1676019993,1.048,0.146
1676019993,1.05,0.188
1676019993,1.051,0.171
1676019993,1.05,0.15
1676019993,1.051,0.174
1676019993,1.05,0.194
1676019993,1.05,0.16
1676019993,1.051,0.167
1676019993,1.048,0.153
1676019993,1.049,0.167
1676019993,1.049,0.177
1676019993,1.05,0.17
1676019993,1.05,0.161
1676019994,1.05,0.188
1676019994,1.054,0.171
1676019994,1.05,0.169
1676019994,1.053,0.179
1676019994,1.053,0.174
1676019994,1.05,0.161
1676019994,1.05,0.19
1676019994,1.049,0.152
1676019994,1.052,0.206
1676019994,1.05,0.181
1676019994,1.051,0.177
1676019994,1.049,0.16
1676019994,1.049,0.168
1676019994,1.051,0.17
1676019994,1.052,0.19
1676019994,1.052,0.181
1676019994,1.049,0.172
1676019994,1.046,0.171
1676019994,1.046,0.137
1676019994,1.048,0.16
1676019995,1.051,0.159
1676019995,1.049,0.178
1676019995,1.049,0.171
1676019995,1.049,0.139
1676019995,1.052,0.183
1676019995,1.049,0.15
1676019995,1.046,0.145
1676019995,1.053,0.205
1676019995,1.05,0.135
1676019995,1.053,0.155
1676019995,1.055,0.188
1676019995,1.047,0.185
1676019995,1.054,0.173
1676019995,1.052,0.192
1676019995,1.048,0.162
1676019995,1.049,0.164
1676019995,1.048,0.156
1676019995,1.05,0.189
1676019995,1.048,0.158
1676019995,1.048,0.183
1676019996,1.051,0.167
1676019996,1.048,0.155
1676019996,1.051,0.171
1676019996,1.047,0.172
1676019996,1.048,0.168
1676019996,1.047,0.168
1676019996,1.051,0.164
1676019996,1.045,0.162
1676019996,1.047,0.167
1676019996,1.05,0.161
1676019996,1.05,0.17
1676019996,1.051,0.164
1676019996,1.05,0.166
1676019996,1.048,0.163
1676019996,1.05,0.167
1676019996,1.051,0.164
1676019996,1.047,0.166
1676019996,1.048,0.165
1676019996,1.049,0.161
1676019996,1.049,0.17
1676019997,1.05,0.169
1676019997,1.051,0.165
1676019997,1.049,0.163
1676019997,1.053,0.163
1676019997,1.048,0.171
1676019997,1.05,0.167
1676019997,1.048,0.167
1676019997,1.047,0.168
1676019997,1.051,0.166
1676019997,1.046,0.165
1676019997,1.053,0.165
1676019997,1.052,0.164
1676019997,1.05,0.166
1676019997,1.048,0.168
1676019997,1.047,0.165
1676019997,1.049,0.165
1676019997,1.051,0.167
1676019997,1.047,0.164
1676019997,1.049,0.167
1676019997,1.049,0.166
1676019998,1.047,0.168
1676019998,1.051,0.166
1676019998,1.049,0.17
1676019998,1.049,0.167
1676019998,1.049,0.172
1676019998,1.049,0.166
1676019998,1.051,0.168
1676019998,1.051,0.164
1676019998,1.047,0.168
1676019998,1.05,0.163
1676019998,1.049,0.166
1676019998,1.053,0.162
1676019998,1.049,0.164
1676019998,1.051,0.165
1676019998,1.051,0.164
1676019998,1.049,0.164
1676019998,1.049,0.167
1676019998,1.053,0.165
1676019998,1.051,0.166
1676019998,1.049,0.163
1676019999,1.048,0.163
1676019999,1.051,0.164
1676019999,1.048,0.164
1676019999,1.05,0.167
1676019999,1.05,0.165
1676019999,1.046,0.165
1676019999,1.047,0.165
1676019999,1.05,0.163
1676019999,1.047,0.162
1676019999,1.051,0.16
1676019999,1.049,0.16
1676019999,1.049,0.162
1676019999,1.052,0.162
1676019999,1.053,0.165
1676019999,1.051,0.165
1676019999,1.049,0.164
1676019999,1.049,0.165
1676019999,1.049,0.167
1676019999,1.049,0.163
1676019999,1.05,0.164
1676020000,1.049,0.165
1676020000,1.049,0.162
1676020000,1.049,0.162
1676020000,1.049,0.164
1676020000,1.05,0.162
1676020000,1.049,0.163
1676020000,1.048,0.163
1676020000,1.049,0.163
1676020000,1.052,0.164
1676020000,1.052,0.163
1676020000,1.05,0.167
1676020000,1.049,0.161
1676020000,1.05,0.162
1676020000,1.047,0.163
1676020000,1.048,0.166
1676020000,1.051,0.163
1676020000,1.048,0.166
1676020000,1.049,0.164
1676020000,1.051,0.162
1676020000,1.05,0.164
1676020001,1.053,0.166
1676020001,1.051,0.162
1676020001,1.052,0.164
1676020001,1.052,0.163
1676020001,1.051,0.163
1676020001,1.049,0.164
1676020001,1.047,0.165
1676020001,1.051,0.165
1676020001,1.046,0.161
1676020001,1.048,0.163
1676020001,1.05,0.164
1676020001,1.047,0.165
1676020001,1.051,0.164
1676020001,1.049,0.166
1676020001,1.047,0.163
1676020001,1.051,0.164
1676020001,1.051,0.165
1676020001,1.051,0.161
1676020001,1.051,0.164
1676020001,1.049,0.165
1676020002,1.05,0.164
1676020002,1.052,0.154
1676020002,1.05,0.165
1676020002,1.049,0.164
1676020002,1.05,0.164
1676020002,1.053,0.165
1676020002,1.05,0.167
1676020002,1.049,0.154
1676020002,1.049,0.165
1676020002,1.054,0.179
1676020002,1.049,0.173
1676020002,1.049,0.162
1676020002,1.051,0.171
1676020002,1.048,0.157
1676020002,1.049,0.153
1676020002,1.052,0.168
1676020002,1.047,0.144
1676020002,1.05,0.19
1676020002,1.048,0.165
1676020002,1.052,0.148
1676020003,1.047,0.142
1676020003,1.048,0.156
1676020003,1.046,0.155
1676020003,1.05,0.157
1676020003,1.049,0.187
1676020003,1.053,0.165
1676020003,1.048,0.169
1676020003,1.046,0.165
1676020003,1.051,0.172
1676020003,1.052,0.183
1676020003,1.05,0.186
1676020003,1.048,0.195
1676020003,1.05,0.148
1676020003,1.049,0.184
1676020003,1.05,0.17
1676020003,1.049,0.157
1676020003,1.047,0.154
1676020003,1.051,0.188
1676020003,1.049,0.158
1676020003,1.048,0.17
1676020004,1.046,0.153
1676020004,1.046,0.141
1676020004,1.047,0.161
1676020004,1.051,0.187
1676020004,1.05,0.18
1676020004,1.05,0.166
1676020004,1.047,0.165
1676020004,1.051,0.161
1676020004,1.051,0.19
1676020004,1.05,0.196
1676020004,1.049,0.176
1676020004,1.054,0.202
1676020004,1.05,0.166
1676020004,1.05,0.162
1676020004,1.052,0.165
1676020004,1.052,0.149
1676020004,1.05,0.147
1676020004,1.052,0.203
1676020004,1.051,0.157
1676020004,1.05,0.175
1676020005,1.05,0.155
1676020005,1.047,0.16
1676020005,1.045,0.148
1676020005,1.049,0.161
1676020005,1.051,0.178
1676020005,1.05,0.161
1676020005,1.053,0.207
1676020005,1.053,0.177
1676020005,1.05,0.149
1676020005,1.047,0.154
1676020005,1.049,0.178
1676020005,1.051,0.175
1676020005,1.045,0.134
1676020005,1.044,0.114
1676020005,1.051,0.169
1676020005,1.047,0.148
1676020005,1.051,0.143
1676020005,1.05,0.174
1676020005,1.047,0.136
1676020005,1.05,0.164
1676020006,1.049,0.16
1676020006,1.048,0.172
1676020006,1.048,0.161
1676020006,1.052,0.173
1676020006,1.047,0.166
1676020006,1.047,0.166
1676020006,1.048,0.164
1676020006,1.049,0.167
1676020006,1.048,0.166
1676020006,1.046,0.163
1676020006,1.052,0.161
1676020006,1.049,0.164
1676020006,1.046,0.164
1676020006,1.048,0.163
1676020006,1.046,0.16
1676020006,1.051,0.164
1676020006,1.048,0.163
1676020006,1.05,0.164
1676020006,1.05,0.164
1676020006,1.046,0.163
1676020007,1.048,0.164
1676020007,1.05,0.16
1676020007,1.048,0.166
1676020007,1.046,0.162
1676020007,1.048,0.162
1676020007,1.049,0.159
1676020007,1.052,0.165
1676020007,1.049,0.165
1676020007,1.051,0.162
1676020007,1.049,0.163
1676020007,1.047,0.161
1676020007,1.052,0.162
1676020007,1.045,0.165
1676020007,1.047,0.164
1676020007,1.047,0.162
1676020007,1.047,0.162
1676020007,1.047,0.164
1676020007,1.048,0.163
1676020007,1.047,0.162
1676020007,1.047,0.164
1676020008,1.051,0.162
1676020008,1.049,0.161
1676020008,1.049,0.161
1676020008,1.047,0.162
1676020008,1.049,0.166
1676020008,1.047,0.159
1676020008,1.049,0.162
1676020008,1.049,0.162
1676020008,1.052,0.166
1676020008,1.045,0.159
1676020008,1.048,0.162
1676020008,1.044,0.161
1676020008,1.049,0.162
1676020008,1.049,0.158
1676020008,1.05,0.163
1676020008,1.048,0.163
1676020008,1.047,0.164
1676020008,1.046,0.158
1676020008,1.049,0.16
1676020008,1.044,0.163
1676020009,1.053,0.162
1676020009,1.047,0.16
1676020009,1.05,0.165
1676020009,1.048,0.147
1676020009,1.051,0.177
1676020009,1.045,0.158
1676020009,1.048,0.161
1676020009,1.048,0.148
1676020009,1.046,0.157
1676020009,1.046,0.163
1676020009,1.049,0.169
1676020009,1.047,0.158
1676020009,1.049,0.156
1676020009,1.049,0.16
1676020009,1.051,0.167
1676020009,1.048,0.159
1676020009,1.051,0.163
1676020009,1.046,0.157
1676020009,1.046,0.165
1676020009,1.046,0.168
1676020010,1.049,0.165
1676020010,1.051,0.159
1676020010,1.05,0.159
1676020010,1.05,0.166
1676020010,1.047,0.161
1676020010,1.049,0.162
1676020010,1.05,0.166
1676020010,1.05,0.16
1676020010,1.048,0.164
1676020010,1.047,0.164
1676020010,1.047,0.163
1676020010,1.048,0.16
1676020010,1.051,0.164
1676020010,1.048,0.162
1676020010,1.048,0.164
1676020010,1.048,0.162
1676020010,1.048,0.163
1676020010,1.05,0.16
1676020010,1.048,0.163
1676020010,1.048,0.166
1676020011,1.044,0.162
1676020011,1.046,0.163
1676020011,1.051,0.164
1676020011,1.046,0.162
1676020011,1.05,0.162
1676020011,1.05,0.162
1676020011,1.051,0.161
1676020011,1.048,0.162
1676020011,1.049,0.164
1676020011,1.051,0.162
1676020011,1.048,0.166
1676020011,1.052,0.161
1676020011,1.05,0.165
1676020011,1.051,0.162
1676020011,1.048,0.161
1676020011,1.045,0.161
1676020011,1.048,0.163
1676020011,1.049,0.164
1676020011,1.047,0.164
1676020011,1.048,0.161
1676020012,1.051,0.163
1676020012,1.047,0.16
1676020012,1.046,0.162
1676020012,1.049,0.162
1676020012,1.051,0.161
1676020012,1.047,0.161
1676020012,1.045,0.161
1676020012,1.051,0.163
1676020012,1.053,0.159
1676020012,1.049,0.162
1676020012,1.05,0.161
1676020012,1.05,0.162
1676020012,1.048,0.17
1676020012,1.046,0.16
1676020012,1.049,0.14
1676020012,1.045,0.135
1676020012,1.045,0.143
1676020012,1.051,0.197
1676020012,1.049,0.161
1676020012,1.051,0.18
1676020013,1.048,0.163
1676020013,1.048,0.14
1676020013,1.05,0.174
1676020013,1.047,0.138
1676020013,1.048,0.157
1676020013,1.046,0.157
1676020013,1.049,0.155
1676020013,1.045,0.157
1676020013,1.046,0.146
1676020013,1.05,0.178
1676020013,1.05,0.171
1676020013,1.05,0.166
1676020013,1.048,0.169
1676020013,1.05,0.154
1676020013,1.047,0.133
1676020013,1.049,0.158
1676020013,1.05,0.167
1676020013,1.049,0.162
1676020013,1.048,0.133
1676020013,1.047,0.156
1676020014,1.05,0.173
1676020014,1.048,0.151
1676020014,1.058,0.15
1676020014,1.05,0.155
1676020014,1.047,0.133
1676020014,1.046,0.125
1676020014,1.045,0.138
1676020014,1.051,0.184
1676020014,1.045,0.134
1676020014,1.051,0.176
1676020014,1.047,0.159
1676020014,1.05,0.176
1676020014,1.049,0.158
1676020014,1.047,0.152
1676020014,1.047,0.16
1676020014,1.047,0.138
1676020014,1.051,0.168
1676020014,1.047,0.169
1676020014,1.045,0.167
1676020014,1.051,0.19
1676020015,1.05,0.174
1676020015,1.047,0.167
1676020015,1.053,0.149
1676020015,1.046,0.122
1676020015,1.047,0.182
1676020015,1.049,0.158
1676020015,1.046,0.151
1676020015,1.049,0.153
1676020015,1.048,0.147
1676020015,1.051,0.182
1676020015,1.044,0.118
1676020015,1.048,0.17
1676020015,1.051,0.188
1676020015,1.045,0.155
1676020015,1.049,0.185
1676020015,1.048,0.174
1676020015,1.05,0.166
1676020015,1.049,0.164
1676020015,1.05,0.184
1676020015,1.048,0.167
1676020016,1.047,0.147
1676020016,1.049,0.16
1676020016,1.047,0.163
1676020016,1.015,0.176
1676020016,1.047,0.164
1676020016,1.049,0.16
1676020016,1.049,0.171
1676020016,1.046,0.167
1676020016,1.046,0.169
1676020016,1.053,0.165
1676020016,1.048,0.161
1676020016,1.051,0.162
1676020016,1.049,0.164
1676020016,1.048,0.162
1676020016,1.046,0.163
1676020016,1.05,0.164
1676020016,1.048,0.162
1676020016,1.047,0.164
1676020016,1.051,0.165
1676020016,1.049,0.163
1676020017,1.048,0.163
1676020017,1.051,0.163
1676020017,1.053,0.164
1676020017,1.049,0.163
1676020017,1.049,0.163
1676020017,1.049,0.167
1676020017,1.046,0.166
1676020017,1.047,0.162
1676020017,1.044,0.161
1676020017,1.049,0.163
1676020017,1.045,0.159
1676020017,1.048,0.163
1676020017,1.047,0.163
1676020017,1.046,0.166
1676020017,1.049,0.169
1676020017,1.047,0.163
1676020017,1.047,0.159
1676020017,1.046,0.166
1676020017,1.047,0.164
1676020017,1.046,0.166
1676020018,1.044,0.163
1676020018,1.048,0.163
1676020018,1.047,0.164
1676020018,1.049,0.164
1676020018,1.049,0.162
1676020018,1.049,0.162
1676020018,1.051,0.164
1676020018,1.047,0.164
1676020018,1.044,0.16
1676020018,1.054,0.165
1676020018,1.047,0.162
1676020018,1.046,0.163
1676020018,1.046,0.16
1676020018,1.048,0.165
1676020018,1.047,0.163
1676020018,1.046,0.166
1676020018,1.049,0.162
1676020018,1.046,0.161
1676020018,1.049,0.164
