,Channel A Last (V),Channel B Last (V)
1670854519,1.018,0.096
1670854519,1.017,0.107
1670854519,1.017,0.094
1670854519,1.016,0.098
1670854519,1.016,0.102
1670854519,1.019,0.093
1670854519,1.018,0.094
1670854520,1.017,0.099
1670854520,1.019,0.102
1670854520,1.019,0.102
1670854520,1.017,0.094
1670854520,1.019,0.094
1670854520,1.014,0.103
1670854520,1.018,0.096
1670854520,1.018,0.098
1670854520,1.018,0.098
1670854520,1.014,0.1
1670854520,1.017,0.094
1670854520,1.016,0.099
1670854520,1.016,0.092
1670854520,1.018,0.101
1670854520,1.016,0.1
1670854520,1.018,0.098
1670854520,1.017,0.092
1670854520,1.019,0.093
1670854520,1.019,0.098
1670854520,1.017,0.096
1670854521,1.016,0.095
1670854521,1.017,0.1
1670854521,1.017,0.096
1670854521,1.019,0.095
1670854521,1.015,0.095
1670854521,1.022,0.098
1670854521,1.019,0.096
1670854521,1.018,0.101
1670854521,1.018,0.102
1670854521,1.017,0.112
1670854521,1.021,0.096
1670854521,1.02,0.098
1670854521,1.017,0.092
1670854521,1.018,0.105
1670854521,1.017,0.101
1670854521,1.02,0.095
1670854521,1.018,0.097
1670854521,1.022,0.092
1670854521,1.019,0.094
1670854521,1.017,0.096
1670854522,1.022,0.1
1670854522,1.016,0.105
1670854522,1.017,0.09
1670854522,1.017,0.103
1670854522,1.015,0.103
1670854522,1.017,0.092
1670854522,1.021,0.106
1670854522,1.018,0.107
1670854522,1.017,0.099
1670854522,1.018,0.102
1670854522,1.017,0.103
1670854522,1.019,0.096
1670854522,1.017,0.097
1670854522,1.019,0.094
1670854522,1.016,0.098
1670854522,1.016,0.093
1670854522,1.016,0.093
1670854522,1.018,0.095
1670854522,1.018,0.097
1670854522,1.02,0.102
1670854523,1.017,0.098
1670854523,1.019,0.097
1670854523,1.018,0.093
1670854523,1.017,0.097
1670854523,1.023,0.099
1670854523,1.018,0.092
1670854523,1.018,0.093
1670854523,1.02,0.099
1670854523,1.015,0.099
1670854523,1.019,0.094
1670854523,1.018,0.094
1670854523,1.018,0.097
1670854523,1.019,0.102
1670854523,1.021,0.093
1670854523,1.022,0.097
1670854523,1.018,0.104
1670854523,1.019,0.097
1670854523,1.017,0.092
1670854523,1.017,0.1
1670854523,1.019,0.101
1670854524,1.019,0.097
1670854524,1.019,0.099
1670854524,1.018,0.097
1670854524,1.018,0.103
1670854524,1.019,0.096
1670854524,1.018,0.102
1670854524,1.018,0.093
1670854524,1.02,0.099
1670854524,1.018,0.102
1670854524,1.015,0.11
1670854524,1.019,0.104
1670854524,1.019,0.097
1670854524,1.019,0.096
1670854524,1.021,0.105
1670854524,1.023,0.099
1670854524,1.017,0.1
1670854524,1.018,0.098
1670854524,1.016,0.101
1670854524,1.017,0.093
1670854524,1.019,0.106
1670854525,1.019,0.099
1670854525,1.017,0.095
1670854525,1.022,0.104
1670854525,1.02,0.098
1670854525,1.017,0.103
1670854525,1.018,0.096
1670854525,1.017,0.103
1670854525,1.014,0.096
1670854525,1.018,0.099
1670854525,1.027,0.091
1670854525,1.02,0.094
1670854525,1.02,0.096
1670854525,1.02,0.095
1670854525,1.019,0.104
1670854525,1.021,0.095
1670854525,1.017,0.097
1670854525,1.018,0.092
1670854525,1.018,0.103
1670854525,1.019,0.101
1670854525,1.018,0.103
1670854526,1.015,0.096
1670854526,1.016,0.102
1670854526,1.022,0.097
1670854526,1.016,0.1
1670854526,1.016,0.093
1670854526,1.017,0.103
1670854526,1.017,0.095
1670854526,1.016,0.1
1670854526,1.018,0.102
1670854526,1.017,0.111
1670854526,1.018,0.097
1670854526,1.016,0.096
1670854526,1.018,0.103
1670854526,1.016,0.097
1670854526,1.017,0.093
1670854526,1.02,0.098
1670854526,1.017,0.091
1670854526,1.019,0.107
1670854526,1.016,0.095
1670854526,1.019,0.1
1670854527,1.02,0.101
1670854527,1.018,0.099
1670854527,1.015,0.099
1670854527,1.017,0.099
1670854527,1.018,0.094
1670854527,1.02,0.095
1670854527,1.017,0.095
1670854527,1.02,0.098
1670854527,1.02,0.098
1670854527,1.018,0.094
1670854527,1.013,0.088
1670854527,1.015,0.096
1670854527,1.017,0.097
1670854527,1.018,0.096
1670854527,1.015,0.094
1670854527,1.017,0.101
1670854527,1.017,0.098
1670854527,1.014,0.087
1670854527,1.021,0.094
1670854527,1.019,0.107
1670854528,1.016,0.097
1670854528,1.015,0.1
1670854528,1.02,0.096
1670854528,1.016,0.096
1670854528,1.019,0.098
1670854528,1.014,0.104
1670854528,1.018,0.098
1670854528,1.017,0.101
1670854528,1.017,0.101
1670854528,1.015,0.095
1670854528,1.017,0.105
1670854528,1.015,0.088
1670854528,1.017,0.099
1670854528,1.017,0.094
1670854528,1.018,0.094
1670854528,1.017,0.096
1670854528,1.016,0.095
1670854528,1.014,0.104
1670854528,1.017,0.099
1670854528,1.017,0.098
1670854529,1.016,0.104
1670854529,1.017,0.1
1670854529,1.02,0.097
1670854529,1.015,0.108
1670854529,1.018,0.102
1670854529,1.015,0.092
1670854529,1.017,0.099
1670854529,1.014,0.094
1670854529,1.021,0.097
1670854529,1.016,0.09
1670854529,1.017,0.099
1670854529,1.018,0.092
1670854529,1.02,0.098
1670854529,1.015,0.101
1670854529,1.018,0.094
1670854529,1.017,0.097
1670854529,1.017,0.098
1670854529,1.02,0.099
1670854529,1.02,0.104
1670854529,1.02,0.097
1670854530,1.017,0.093
1670854530,1.018,0.099
1670854530,1.019,0.101
1670854530,1.021,0.097
1670854530,1.017,0.097
1670854530,1.018,0.098
1670854530,1.019,0.096
1670854530,1.013,0.102
1670854530,1.018,0.096
1670854530,1.017,0.096
1670854530,1.016,0.099
1670854530,1.018,0.09
1670854530,1.017,0.106
1670854530,1.02,0.094
1670854530,1.017,0.099
1670854530,1.019,0.102
1670854530,1.016,0.1
1670854530,1.017,0.096
1670854530,1.017,0.102
1670854530,1.017,0.101
1670854531,1.017,0.101
1670854531,1.018,0.093
1670854531,1.014,0.1
1670854531,1.019,0.1
1670854531,1.017,0.093
1670854531,1.015,0.098
1670854531,1.015,0.097
1670854531,1.018,0.092
1670854531,1.02,0.094
1670854531,1.021,0.104
1670854531,1.02,0.101
1670854531,1.017,0.092
1670854531,1.019,0.092
1670854531,1.018,0.1
1670854531,1.013,0.099
1670854531,1.02,0.098
1670854531,1.018,0.095
1670854531,1.015,0.107
1670854531,1.02,0.098
1670854531,1.017,0.104
1670854532,1.018,0.093
1670854532,1.018,0.097
1670854532,1.014,0.101
1670854532,1.018,0.094
1670854532,1.018,0.094
1670854532,1.018,0.095
1670854532,1.015,0.097
1670854532,1.021,0.099
1670854532,1.017,0.092
1670854532,1.018,0.102
1670854532,1.015,0.096
1670854532,1.018,0.1
1670854532,1.018,0.109
1670854532,1.018,0.094
1670854532,1.018,0.092
1670854532,1.02,0.098
1670854532,1.016,0.099
1670854532,1.014,0.098
1670854532,1.017,0.093
1670854532,1.019,0.097
1670854533,1.017,0.106
1670854533,1.02,0.095
1670854533,1.017,0.094
1670854533,1.02,0.102
1670854533,1.018,0.104
1670854533,1.019,0.102
1670854533,1.018,0.096
1670854533,1.016,0.099
1670854533,1.019,0.097
1670854533,1.02,0.092
1670854533,1.014,0.092
1670854533,1.019,0.095
1670854533,1.018,0.097
1670854533,1.019,0.102
1670854533,1.014,0.108
1670854533,1.017,0.093
1670854533,1.017,0.096
1670854533,1.016,0.096
1670854533,1.013,0.103
1670854533,1.016,0.108
1670854534,1.02,0.094
1670854534,1.019,0.099
1670854534,1.015,0.103
1670854534,1.019,0.097
1670854534,1.017,0.094
1670854534,1.018,0.107
1670854534,1.018,0.11
1670854534,1.02,0.098
1670854534,1.023,0.099
1670854534,1.021,0.101
1670854534,1.019,0.101
1670854534,1.017,0.104
1670854534,1.018,0.095
1670854534,1.019,0.098
1670854534,1.015,0.104
1670854534,1.019,0.093
1670854534,1.018,0.105
1670854534,1.016,0.105
1670854534,1.016,0.097
1670854534,1.015,0.095
1670854535,1.02,0.096
1670854535,1.017,0.096
1670854535,1.018,0.095
1670854535,1.019,0.095
1670854535,1.02,0.094
1670854535,1.018,0.091
1670854535,1.018,0.095
1670854535,1.015,0.095
1670854535,1.017,0.092
1670854535,1.018,0.11
1670854535,1.019,0.097
1670854535,1.015,0.098
1670854535,1.019,0.093
1670854535,1.015,0.1
1670854535,1.017,0.1
1670854535,1.017,0.103
1670854535,1.02,0.095
1670854535,1.017,0.102
1670854535,1.016,0.098
1670854535,1.015,0.098
1670854536,1.014,0.109
1670854536,1.018,0.095
1670854536,1.019,0.098
1670854536,1.016,0.092
1670854536,1.019,0.099
1670854536,1.017,0.098
1670854536,1.021,0.095
1670854536,1.016,0.099
1670854536,1.02,0.1
1670854536,1.015,0.098
1670854536,1.017,0.103
1670854536,1.016,0.1
1670854536,1.016,0.098
1670854536,1.019,0.101
1670854536,1.016,0.106
1670854536,1.017,0.099
1670854536,1.016,0.098
1670854536,1.015,0.101
1670854536,1.018,0.094
1670854536,1.018,0.102
1670854537,1.019,0.094
1670854537,1.019,0.096
1670854537,1.02,0.101
1670854537,1.02,0.099
1670854537,1.018,0.1
1670854537,1.019,0.096
1670854537,1.015,0.1
1670854537,1.021,0.101
1670854537,1.018,0.102
1670854537,1.017,0.092
1670854537,1.021,0.092
1670854537,1.019,0.097
1670854537,1.02,0.095
1670854537,1.019,0.097
1670854537,1.016,0.103
1670854537,1.018,0.094
1670854537,1.017,0.093
1670854537,1.022,0.103
1670854537,1.017,0.095
1670854537,1.017,0.097
1670854538,1.021,0.099
1670854538,1.015,0.095
1670854538,1.022,0.1
1670854538,1.017,0.096
1670854538,1.017,0.103
1670854538,1.017,0.094
1670854538,1.021,0.094
1670854538,1.018,0.102
1670854538,1.016,0.099
1670854538,1.019,0.103
1670854538,1.014,0.082
1670854538,1.021,0.097
1670854538,1.018,0.1
1670854538,1.018,0.109
1670854538,1.02,0.098
1670854538,1.018,0.091
1670854538,1.017,0.105
1670854538,1.016,0.097
1670854538,1.018,0.098
1670854538,1.017,0.098
1670854539,1.018,0.095
1670854539,1.019,0.098
1670854539,1.018,0.096
1670854539,1.019,0.092
1670854539,1.019,0.095
1670854539,1.014,0.096
1670854539,1.019,0.099
1670854539,1.018,0.094
1670854539,1.019,0.103
1670854539,1.018,0.093
1670854539,1.018,0.103
1670854539,1.016,0.101
1670854539,1.017,0.097
1670854539,1.019,0.108
1670854539,1.016,0.096
1670854539,1.018,0.107
1670854539,1.016,0.095
1670854539,1.02,0.102
1670854539,1.022,0.092
1670854539,1.017,0.102
1670854540,1.018,0.104
1670854540,1.019,0.103
1670854540,1.016,0.097
1670854540,1.02,0.097
1670854540,1.021,0.095
1670854540,1.021,0.095
1670854540,1.02,0.098
1670854540,1.018,0.091
1670854540,1.017,0.111
1670854540,1.016,0.099
1670854540,1.02,0.101
1670854540,1.023,0.093
1670854540,1.02,0.101
1670854540,1.022,0.098
1670854540,1.02,0.1
1670854540,1.02,0.104
1670854540,1.018,0.097
1670854540,1.02,0.089
1670854540,1.017,0.099
1670854540,1.019,0.098
1670854541,1.016,0.099
1670854541,1.02,0.099
1670854541,1.02,0.104
1670854541,1.023,0.088
1670854541,1.017,0.095
1670854541,1.021,0.097
1670854541,1.017,0.104
1670854541,1.018,0.101
1670854541,1.02,0.096
1670854541,1.018,0.103
1670854541,1.021,0.095
1670854541,1.021,0.099
1670854541,1.019,0.096
1670854541,1.016,0.097
1670854541,1.017,0.095
1670854541,1.018,0.102
1670854541,1.018,0.102
1670854541,1.019,0.095
1670854541,1.015,0.099
1670854541,1.019,0.101
1670854542,1.018,0.097
1670854542,1.019,0.099
1670854542,1.02,0.098
1670854542,1.016,0.096
1670854542,1.018,0.093
1670854542,1.016,0.096
1670854542,1.021,0.104
1670854542,1.018,0.092
1670854542,1.019,0.097
1670854542,1.017,0.099
1670854542,1.017,0.091
1670854542,1.018,0.094
1670854542,1.018,0.098
1670854542,1.021,0.096
1670854542,1.019,0.1
1670854542,1.016,0.094
1670854542,1.021,0.101
1670854542,1.02,0.096
1670854542,1.018,0.101
1670854542,1.019,0.098
1670854543,1.017,0.091
1670854543,1.015,0.094
1670854543,1.017,0.095
1670854543,1.02,0.097
1670854543,1.017,0.097
1670854543,1.016,0.091
1670854543,1.02,0.096
1670854543,1.019,0.103
1670854543,1.019,0.1
1670854543,1.02,0.093
1670854543,1.023,0.097
1670854543,1.019,0.095
1670854543,1.018,0.1
1670854543,1.017,0.091
1670854543,1.021,0.096
1670854543,1.019,0.099
1670854543,1.018,0.101
1670854543,1.019,0.097
1670854543,1.017,0.102
1670854543,1.014,0.101
1670854544,1.016,0.089
1670854544,1.019,0.098
1670854544,1.02,0.099
1670854544,1.019,0.099
1670854544,1.018,0.099
1670854544,1.018,0.099
1670854544,1.023,0.103
1670854544,1.017,0.096
1670854544,1.02,0.098
1670854544,1.019,0.098
1670854544,1.019,0.098
1670854544,1.019,0.095
1670854544,1.02,0.104
1670854544,1.021,0.092
1670854544,1.019,0.107
1670854544,1.017,0.094
1670854544,1.017,0.094
1670854544,1.019,0.103
1670854544,1.016,0.106
1670854544,1.018,0.098
1670854545,1.018,0.087
1670854545,1.021,0.1
1670854545,1.021,0.098
1670854545,1.018,0.098
1670854545,1.018,0.106
1670854545,1.018,0.097
1670854545,1.017,0.102
1670854545,1.02,0.09
1670854545,1.017,0.104
1670854545,1.016,0.101
1670854545,1.019,0.1
1670854545,1.021,0.102
1670854545,1.023,0.103
1670854545,1.019,0.102
1670854545,1.019,0.097
1670854545,1.02,0.101
1670854545,1.021,0.095
1670854545,1.021,0.099
1670854545,1.018,0.091
1670854545,1.015,0.102
1670854546,1.015,0.096
1670854546,1.02,0.109
1670854546,1.018,0.101
1670854546,1.021,0.096
1670854546,1.018,0.098
1670854546,1.019,0.107
1670854546,1.016,0.094
1670854546,1.02,0.1
1670854546,1.02,0.1
1670854546,1.016,0.1
1670854546,1.018,0.096
1670854546,1.017,0.09
1670854546,1.016,0.096
1670854546,1.02,0.098
1670854546,1.018,0.098
1670854546,1.02,0.095
1670854546,1.019,0.096
1670854546,1.017,0.092
1670854546,1.018,0.093
1670854546,1.018,0.097
1670854547,1.018,0.097
1670854547,1.019,0.106
1670854547,1.019,0.093
1670854547,1.016,0.093
1670854547,1.019,0.099
1670854547,1.013,0.096
1670854547,1.018,0.095
1670854547,1.02,0.094
1670854547,1.02,0.097
1670854547,1.013,0.109
1670854547,1.017,0.09
1670854547,1.017,0.101
1670854547,1.019,0.099
1670854547,1.02,0.094
1670854547,1.018,0.097
1670854547,1.017,0.101
1670854547,1.016,0.102
1670854547,1.018,0.105
1670854547,1.018,0.101
1670854547,1.019,0.099
1670854548,1.015,0.102
1670854548,1.017,0.092
1670854548,1.016,0.097
1670854548,1.016,0.099
1670854548,1.015,0.103
1670854548,1.015,0.099
1670854548,1.017,0.099
1670854548,1.018,0.096
1670854548,1.016,0.104
1670854548,1.018,0.091
1670854548,1.019,0.102
1670854548,1.02,0.096
1670854548,1.018,0.098
1670854548,1.019,0.102
1670854548,1.014,0.095
1670854548,1.015,0.103
1670854548,1.016,0.106
1670854548,1.017,0.095
1670854548,1.018,0.094
1670854548,1.021,0.106
1670854549,1.017,0.103
1670854549,1.016,0.095
1670854549,1.013,0.102
1670854549,1.017,0.098
1670854549,1.017,0.097
1670854549,1.018,0.093
1670854549,1.018,0.09
1670854549,1.018,0.094
1670854549,1.018,0.093
1670854549,1.016,0.093
1670854549,1.015,0.1
1670854549,1.017,0.096
1670854549,1.019,0.097
1670854549,1.017,0.1
1670854549,1.015,0.095
1670854549,1.019,0.098
1670854549,1.017,0.092
1670854549,1.018,0.093
1670854549,1.02,0.104
1670854549,1.015,0.098
1670854550,1.016,0.095
1670854550,1.016,0.1
1670854550,1.016,0.097
1670854550,1.017,0.091
1670854550,1.019,0.101
1670854550,1.018,0.102
1670854550,1.02,0.101
1670854550,1.016,0.096
1670854550,1.018,0.096
1670854550,1.017,0.101
1670854550,1.016,0.097
1670854550,1.016,0.102
1670854550,1.017,0.104
1670854550,1.018,0.101
1670854550,1.018,0.1
1670854550,1.019,0.091
1670854550,1.017,0.095
1670854550,1.02,0.09
1670854550,1.018,0.096
1670854550,1.016,0.102
1670854551,1.022,0.085
1670854551,1.019,0.101
1670854551,1.02,0.099
1670854551,1.019,0.102
1670854551,1.018,0.112
1670854551,1.017,0.094
1670854551,1.018,0.096
1670854551,1.02,0.096
1670854551,1.023,0.097
1670854551,1.019,0.093
1670854551,1.017,0.101
1670854551,1.014,0.09
1670854551,1.02,0.095
1670854551,1.017,0.099
1670854551,1.013,0.093
1670854551,1.019,0.089
1670854551,1.018,0.096
1670854551,1.017,0.096
1670854551,1.02,0.099
1670854551,1.018,0.097
1670854552,1.018,0.1
1670854552,1.016,0.103
1670854552,1.017,0.104
1670854552,1.015,0.098
1670854552,1.017,0.104
1670854552,1.021,0.095
1670854552,1.015,0.093
1670854552,1.019,0.103
1670854552,1.018,0.095
1670854552,1.017,0.104
1670854552,1.018,0.098
1670854552,1.019,0.1
1670854552,1.019,0.104
1670854552,1.015,0.099
1670854552,1.016,0.092
1670854552,1.014,0.104
1670854552,1.016,0.097
1670854552,1.017,0.093
1670854552,1.017,0.1
1670854552,1.016,0.093
1670854553,1.017,0.107
1670854553,1.017,0.095
1670854553,1.015,0.099
1670854553,1.019,0.096
1670854553,1.017,0.097
1670854553,1.016,0.097
1670854553,1.016,0.098
1670854553,1.013,0.1
1670854553,1.02,0.101
1670854553,1.019,0.11
1670854553,1.017,0.1
1670854553,1.019,0.103
1670854553,1.018,0.107
1670854553,1.019,0.105
1670854553,1.019,0.097
1670854553,1.02,0.091
1670854553,1.021,0.097
1670854553,1.015,0.099
1670854553,1.018,0.096
1670854553,1.018,0.099
1670854554,1.022,0.106
1670854554,1.018,0.096
1670854554,1.017,0.095
1670854554,1.017,0.095
1670854554,1.016,0.099
1670854554,1.017,0.097
1670854554,1.015,0.1
1670854554,1.016,0.103
1670854554,1.017,0.093
1670854554,1.022,0.097
1670854554,1.019,0.098
1670854554,1.019,0.1
1670854554,1.018,0.105
1670854554,1.019,0.103
1670854554,1.018,0.105
1670854554,1.016,0.1
1670854554,1.017,0.1
1670854554,1.015,0.106
1670854554,1.019,0.096
1670854554,1.02,0.101
1670854555,1.02,0.101
1670854555,1.02,0.1
1670854555,1.016,0.104
1670854555,1.019,0.101
1670854555,1.021,0.098
1670854555,1.017,0.094
1670854555,1.018,0.096
1670854555,1.02,0.096
1670854555,1.017,0.082
1670854555,1.018,0.105
1670854555,1.018,0.102
1670854555,1.018,0.099
1670854555,1.017,0.095
1670854555,1.021,0.096
1670854555,1.017,0.09
1670854555,1.02,0.102
1670854555,1.017,0.103
1670854555,1.019,0.104
1670854555,1.019,0.098
1670854555,1.018,0.1
1670854556,1.018,0.1
1670854556,1.021,0.096
1670854556,1.021,0.089
1670854556,1.017,0.093
1670854556,1.019,0.089
1670854556,1.015,0.107
1670854556,1.017,0.093
1670854556,1.019,0.097
1670854556,1.018,0.094
1670854556,1.018,0.104
1670854556,1.018,0.096
1670854556,1.018,0.099
1670854556,1.019,0.091
1670854556,1.018,0.093
1670854556,1.021,0.093
1670854556,1.02,0.097
1670854556,1.02,0.096
1670854556,1.021,0.095
1670854556,1.017,0.101
1670854556,1.017,0.096
1670854557,1.016,0.097
1670854557,1.02,0.098
1670854557,1.019,0.105
1670854557,1.017,0.102
1670854557,1.021,0.097
1670854557,1.016,0.097
1670854557,1.021,0.101
1670854557,1.02,0.102
1670854557,1.019,0.091
1670854557,1.018,0.108
1670854557,1.016,0.095
1670854557,1.018,0.096
1670854557,1.016,0.099
1670854557,1.018,0.103
1670854557,1.016,0.1
1670854557,1.018,0.093
1670854557,1.019,0.095
1670854557,1.017,0.1
1670854557,1.02,0.094
1670854557,1.017,0.098
1670854558,1.017,0.087
1670854558,1.016,0.096
1670854558,1.016,0.1
1670854558,1.019,0.098
1670854558,1.016,0.095
1670854558,1.017,0.097
1670854558,1.018,0.108
1670854558,1.019,0.101
1670854558,1.019,0.096
1670854558,1.02,0.091
1670854558,1.017,0.094
1670854558,1.018,0.094
1670854558,1.019,0.102
1670854558,1.017,0.098
1670854558,1.02,0.096
1670854558,1.019,0.104
1670854558,1.018,0.092
1670854558,1.015,0.09
1670854558,1.019,0.098
1670854558,1.019,0.106
1670854559,1.017,0.105
1670854559,1.02,0.1
1670854559,1.015,0.097
1670854559,1.016,0.091
1670854559,1.016,0.093
1670854559,1.018,0.098
1670854559,1.016,0.099
1670854559,1.018,0.101
1670854559,1.015,0.106
1670854559,1.015,0.091
1670854559,1.011,0.098
1670854559,1.017,0.106
1670854559,1.018,0.098
1670854559,1.014,0.103
1670854559,1.02,0.1
1670854559,1.02,0.271
1670854559,1.02,0.156
1670854559,1.018,0.114
1670854559,1.017,0.124
1670854559,1.018,0.114
1670854560,1.019,0.095
1670854560,1.018,0.102
1670854560,1.018,0.093
1670854560,1.021,0.145
1670854560,1.017,0.103
1670854560,1.014,0.113
1670854560,1.018,0.085
1670854560,1.017,0.103
1670854560,1.015,0.094
1670854560,1.016,0.085
1670854560,1.016,0.093
1670854560,1.017,0.085
1670854560,1.012,0.016
1670854560,1.02,0.09
1670854560,1.019,0.135
1670854560,1.019,0.106
1670854560,1.015,0.099
1670854560,1.017,0.116
1670854560,1.021,0.081
1670854560,1.012,0.06
1670854561,1.019,0.128
1670854561,1.017,0.098
1670854561,1.02,0.122
1670854561,1.018,0.086
1670854561,1.017,0.042
1670854561,1.017,0.077
1670854561,1.018,0.049
1670854561,1.019,0.075
1670854561,1.016,0.106
1670854561,1.021,0.089
1670854561,1.018,0.088
1670854561,1.019,0.135
1670854561,1.02,0.152
1670854561,1.019,0.011
1670854561,1.015,0.132
1670854561,1.017,0.057
1670854561,1.016,0.137
1670854561,1.017,0.127
1670854561,1.015,0.062
1670854561,1.016,0.06
1670854562,1.016,0.137
1670854562,1.019,0.166
1670854562,1.017,0.092
1670854562,1.019,0.123
1670854562,1.017,0.062
1670854562,1.018,0.133
1670854562,1.019,0.167
1670854562,1.015,0.092
1670854562,1.016,0.064
1670854562,1.018,0.069
1670854562,1.017,0.084
1670854562,1.02,0.07
1670854562,1.017,0.138
1670854562,1.016,0.108
1670854562,1.019,0.101
1670854562,1.012,0.062
1670854562,1.017,0.102
1670854562,1.016,0.063
1670854562,1.018,0.081
1670854562,1.019,0.089
1670854563,1.019,0.077
1670854563,1.017,0.12
1670854563,1.022,0.121
1670854563,1.02,0.124
1670854563,1.018,0.069
1670854563,1.019,0.11
1670854563,1.017,0.112
1670854563,1.016,0.09
1670854563,1.018,0.137
1670854563,1.017,0.099
1670854563,1.021,0.12
1670854563,1.019,0.087
1670854563,1.017,0.14
1670854563,1.016,0.079
1670854563,1.017,0.079
1670854563,1.019,0.112
1670854563,1.018,0.103
1670854563,1.016,0.115
1670854563,1.019,0.086
1670854563,1.021,0.102
1670854564,1.018,0.146
1670854564,1.019,0.129
1670854564,1.015,0.087
1670854564,1.02,0.112
1670854564,1.016,0.1
1670854564,1.017,0.092
1670854564,1.02,0.086
1670854564,1.017,0.09
1670854564,1.018,0.111
1670854564,1.019,0.107
1670854564,1.018,0.095
1670854564,1.016,0.101
1670854564,1.016,0.088
1670854564,1.022,0.104
1670854564,1.019,0.097
1670854564,1.017,0.101
1670854564,1.019,0.104
1670854564,1.019,0.102
1670854564,1.017,0.098
1670854564,1.019,0.09
1670854565,1.019,0.098
1670854565,1.017,0.097
1670854565,1.017,0.098
1670854565,1.021,0.094
1670854565,1.018,0.104
1670854565,1.019,0.096
1670854565,1.019,0.1
1670854565,1.022,0.103
1670854565,1.014,0.092
1670854565,1.017,0.086
1670854565,1.017,0.099
1670854565,1.017,0.091
1670854565,1.02,0.102
1670854565,1.018,0.099
1670854565,1.019,0.101
1670854565,1.019,0.103
1670854565,1.017,0.101
1670854565,1.019,0.1
1670854565,1.017,0.095
1670854565,1.019,0.101
1670854566,1.015,0.103
1670854566,1.019,0.099
1670854566,1.018,0.095
1670854566,1.02,0.096
1670854566,1.022,0.093
1670854566,1.019,0.091
1670854566,1.018,0.096
1670854566,1.017,0.096
1670854566,1.021,0.088
1670854566,1.019,0.095
1670854566,1.02,0.096
1670854566,1.021,0.099
1670854566,1.018,0.102
1670854566,1.019,0.099
1670854566,1.017,0.097
1670854566,1.019,0.093
1670854566,1.02,0.096
1670854566,1.015,0.104
1670854566,1.019,0.101
1670854566,1.019,0.098
1670854567,1.02,0.1
1670854567,1.019,0.104
1670854567,1.017,0.099
1670854567,1.022,0.107
1670854567,1.016,0.093
1670854567,1.02,0.092
1670854567,1.019,0.098
1670854567,1.019,0.095
1670854567,1.017,0.098
1670854567,1.017,0.095
1670854567,1.019,0.095
1670854567,1.019,0.097
1670854567,1.015,0.098
1670854567,1.017,0.093
1670854567,1.019,0.1
1670854567,1.017,0.102
1670854567,1.017,0.104
1670854567,1.018,0.095
1670854567,1.017,0.103
1670854567,1.022,0.1
1670854568,1.015,0.103
1670854568,1.016,0.094
1670854568,1.02,0.1
1670854568,1.019,0.106
1670854568,1.015,0.09
1670854568,1.017,0.102
1670854568,1.017,0.105
1670854568,1.018,0.101
1670854568,1.016,0.09
1670854568,1.016,0.087
1670854568,1.019,0.09
1670854568,1.015,0.097
1670854568,1.016,0.097
1670854568,1.018,0.099
1670854568,1.021,0.093
1670854568,1.018,0.105
1670854568,1.018,0.096
1670854568,1.018,0.106
1670854568,1.015,0.093
1670854568,1.018,0.094
1670854569,1.015,0.096
1670854569,1.018,0.096
1670854569,1.017,0.095
1670854569,1.016,0.101
1670854569,1.017,0.103
1670854569,1.016,0.099
1670854569,1.017,0.096
1670854569,1.018,0.095
1670854569,1.013,0.103
1670854569,1.022,0.094
1670854569,1.017,0.104
1670854569,1.013,0.099
1670854569,1.017,0.094
1670854569,1.018,0.096
1670854569,1.013,0.095
1670854569,1.018,0.102
1670854569,1.02,0.098
1670854569,1.018,0.103
1670854569,1.017,0.096
1670854569,1.018,0.108
1670854570,1.018,0.097
1670854570,1.017,0.09
1670854570,1.014,0.09
1670854570,1.021,0.098
1670854570,1.019,0.1
1670854570,1.017,0.094
1670854570,1.017,0.096
1670854570,1.017,0.099
1670854570,1.02,0.09
1670854570,1.019,0.098
1670854570,1.023,0.097
1670854570,1.02,0.097
1670854570,1.019,0.098
1670854570,1.019,0.097
1670854570,1.015,0.101
1670854570,1.018,0.096
1670854570,1.018,0.099
1670854570,1.017,0.101
1670854570,1.016,0.103
1670854570,1.016,0.101
1670854571,1.018,0.092
1670854571,1.015,0.1
1670854571,1.02,0.098
1670854571,1.018,0.095
1670854571,1.017,0.089
1670854571,1.02,0.098
1670854571,1.017,0.098
1670854571,1.015,0.098
1670854571,1.021,0.097
1670854571,1.022,0.103
1670854571,1.022,0.092
1670854571,1.02,0.097
1670854571,1.018,0.099
1670854571,1.016,0.101
1670854571,1.019,0.093
1670854571,1.02,0.103
1670854571,1.02,0.09
1670854571,1.017,0.098
1670854571,1.017,0.092
1670854571,1.017,0.097
1670854572,1.018,0.094
1670854572,1.017,0.093
1670854572,1.019,0.102
1670854572,1.019,0.091
1670854572,1.014,0.103
1670854572,1.015,0.104
1670854572,1.019,0.095
1670854572,1.022,0.101
1670854572,1.017,0.091
1670854572,1.017,0.086
1670854572,1.017,0.098
1670854572,1.018,0.111
1670854572,1.017,0.104
1670854572,1.018,0.1
1670854572,1.017,0.089
1670854572,1.016,0.097
1670854572,1.018,0.095
1670854572,1.019,0.106
1670854572,1.02,0.092
1670854572,1.017,0.1
1670854573,1.015,0.083
1670854573,1.015,0.097
1670854573,1.016,0.101
1670854573,1.014,0.089
1670854573,1.016,0.095
1670854573,1.018,0.099
1670854573,1.022,0.093
1670854573,1.016,0.101
1670854573,1.017,0.095
1670854573,1.018,0.096
1670854573,1.017,0.099
1670854573,1.014,0.102
1670854573,1.019,0.099
1670854573,1.017,0.102
1670854573,1.015,0.094
1670854573,1.02,0.1
1670854573,1.018,0.096
1670854573,1.017,0.094
1670854573,1.019,0.094
1670854573,1.016,0.093
1670854574,1.02,0.096
1670854574,1.019,0.095
1670854574,1.017,0.097
1670854574,1.018,0.095
1670854574,1.019,0.094
1670854574,1.02,0.091
1670854574,1.014,0.095
1670854574,1.018,0.108
1670854574,1.019,0.097
1670854574,1.017,0.087
1670854574,1.02,0.092
1670854574,1.016,0.104
1670854574,1.021,0.108
1670854574,1.021,0.135
1670854574,1.02,0.104
1670854574,1.018,0.118
1670854574,1.015,0.091
1670854574,1.022,0.094
1670854574,1.018,0.106
1670854574,1.02,0.083
1670854575,1.014,0.074
1670854575,1.021,0.117
1670854575,1.017,0.07
1670854575,1.016,0.09
1670854575,1.021,0.12
1670854575,1.019,0.091
1670854575,1.019,0.114
1670854575,1.018,0.09
1670854575,1.015,0.066
1670854575,1.019,0.111
1670854575,1.019,0.098
1670854575,1.018,0.098
1670854575,1.018,0.052
1670854575,1.018,0.122
1670854575,1.022,0.087
1670854575,1.022,0.107
1670854575,1.021,0.084
1670854575,1.015,0
1670854575,1.021,0.109
1670854575,1.018,0.08
1670854576,1.017,0.096
1670854576,1.019,0.087
1670854576,1.017,0.034
1670854576,1.018,0.079
1670854576,1.02,0.15
1670854576,1.018,0.083
1670854576,1.019,0.072
1670854576,1.016,0.131
1670854576,1.017,0.137
1670854576,1.019,0.148
1670854576,1.02,0.089
1670854576,1.021,0.118
1670854576,1.019,0.11
1670854576,1.019,0.124
1670854576,1.016,0.077
1670854576,1.021,0.103
1670854576,1.02,0.132
1670854576,1.019,0.159
1670854576,1.019,0.125
1670854576,1.014,0.033
1670854577,1.023,0.137
1670854577,1.019,0.094
1670854577,1.018,0.101
1670854577,1.021,0.135
1670854577,1.015,0.051
1670854577,1.02,0.141
1670854577,1.015,0.058
1670854577,1.021,0.118
1670854577,1.015,0.042
1670854577,1.019,0.185
1670854577,1.018,0.095
1670854577,1.018,0.073
1670854577,1.018,0.14
1670854577,1.014,0.057
1670854577,1.024,0.164
1670854577,1.02,0.118
1670854577,1.017,0.089
1670854577,1.021,0.148
1670854577,1.015,0.062
1670854577,1.017,0.08
1670854578,1.02,0.078
1670854578,1.017,0.025
1670854578,1.021,0.126
1670854578,1.017,0.102
1670854578,1.017,0.092
1670854578,1.017,0.083
1670854578,1.022,0.112
1670854578,1.02,0.125
1670854578,1.016,0.044
1670854578,1.017,0.117
1670854578,1.02,0.046
1670854578,1.019,0.103
1670854578,1.018,0.15
1670854578,1.022,0.159
1670854578,1.022,0.136
1670854578,1.015,-0.011
1670854578,1.018,0.119
1670854578,1.018,0.08
1670854578,1.017,0.103
1670854578,1.02,0.116
1670854579,1.021,0.11
1670854579,1.017,0.122
1670854579,1.015,0.07
1670854579,1.016,0.098
1670854579,1.018,0.09
1670854579,1.017,0.083
1670854579,1.018,0.088
1670854579,1.021,0.121
1670854579,1.017,0.098
1670854579,1.019,0.097
1670854579,1.021,0.088
1670854579,1.02,0.108
1670854579,1.016,0.066
1670854579,1.019,0.072
1670854579,1.016,0.083
1670854579,1.02,0.071
1670854579,1.019,0.12
1670854579,1.017,0.09
1670854579,1.02,0.095
1670854579,1.019,0.106
1670854580,1.021,0.089
1670854580,1.015,0.089
1670854580,1.019,0.114
1670854580,1.017,0.096
1670854580,1.02,0.072
1670854580,1.018,0.073
1670854580,1.016,0.086
1670854580,1.02,0.137
1670854580,1.019,0.096
1670854580,1.018,0.115
1670854580,1.019,0.09
1670854580,1.016,0.094
1670854580,1.015,0.08
1670854580,1.02,0.086
1670854580,1.017,0.094
1670854580,1.02,0.092
1670854580,1.017,0.081
1670854580,1.018,0.083
1670854580,1.018,0.096
1670854580,1.014,0.097
1670854581,1.017,0.086
1670854581,1.017,0.11
1670854581,1.021,0.102
1670854581,1.017,0.117
1670854581,1.018,0.103
1670854581,1.016,0.098
1670854581,1.018,0.093
1670854581,1.017,0.097
1670854581,1.017,0.091
1670854581,1.017,0.107
1670854581,1.017,0.117
1670854581,1.02,0.101
1670854581,1.018,0.094
1670854581,1.016,0.095
1670854581,1.019,0.093
1670854581,1.016,0.089
1670854581,1.018,0.096
1670854581,1.017,0.103
1670854581,1.019,0.091
1670854581,1.017,0.096
1670854582,1.018,0.102
1670854582,1.021,0.106
1670854582,1.018,0.103
1670854582,1.021,0.098
1670854582,1.018,0.103
1670854582,1.018,0.092
1670854582,1.02,0.096
1670854582,1.018,0.094
1670854582,1.017,0.103
1670854582,1.016,0.105
1670854582,1.018,0.095
1670854582,1.015,0.106
1670854582,1.018,0.101
1670854582,1.019,0.098
1670854582,1.016,0.095
1670854582,1.014,0.1
1670854582,1.016,0.097
1670854582,1.016,0.094
1670854582,1.015,0.101
1670854582,1.016,0.091
1670854583,1.018,0.1
1670854583,1.02,0.094
1670854583,1.017,0.097
1670854583,1.015,0.098
1670854583,1.014,0.097
1670854583,1.015,0.097
1670854583,1.019,0.1
1670854583,1.015,0.103
1670854583,1.019,0.098
1670854583,1.017,0.101
1670854583,1.018,0.1
1670854583,1.014,0.096
1670854583,1.017,0.096
1670854583,1.018,0.098
1670854583,1.023,0.104
1670854583,1.019,0.104
1670854583,1.017,0.099
1670854583,1.017,0.103
1670854583,1.018,0.098
1670854583,1.017,0.1
1670854584,1.015,0.102
1670854584,1.019,0.1
1670854584,1.017,0.09
1670854584,1.016,0.1
1670854584,1.018,0.106
1670854584,1.017,0.092
1670854584,1.018,0.085
1670854584,1.017,0.094
1670854584,1.015,0.092
1670854584,1.021,0.108
1670854584,1.018,0.101
1670854584,1.016,0.097
1670854584,1.02,0.098
1670854584,1.018,0.092
1670854584,1.019,0.099
1670854584,1.02,0.094
1670854584,1.018,0.099
1670854584,1.018,0.101
1670854584,1.015,0.098
1670854584,1.02,0.102
1670854585,1.015,0.101
1670854585,1.018,0.099
1670854585,1.017,0.095
1670854585,1.016,0.096
1670854585,1.017,0.102
1670854585,1.018,0.099
1670854585,1.019,0.1
1670854585,1.02,0.084
1670854585,1.014,0.099
1670854585,1.019,0.099
1670854585,1.013,0.092
1670854585,1.021,0.1
1670854585,1.02,0.112
1670854585,1.017,0.061
1670854585,1.019,0.1
1670854585,1.016,0.086
1670854585,1.021,0.128
1670854585,1.016,0.085
1670854585,1.018,0.095
1670854585,1.018,0.106
1670854586,1.02,0.111
1670854586,1.02,0.124
1670854586,1.016,0.119
1670854586,1.02,0.088
1670854586,1.02,0.099
1670854586,1.021,0.094
1670854586,1.019,0.075
1670854586,1.017,0.094
1670854586,1.017,0.102
1670854586,1.021,0.119
1670854586,1.017,0.088
1670854586,1.02,0.106
1670854586,1.02,0.097
1670854586,1.017,0.104
1670854586,1.016,0.09
1670854586,1.018,0.1
1670854586,1.015,0.093
1670854586,1.02,0.101
1670854586,1.016,0.095
1670854586,1.019,0.096
1670854587,1.019,0.107
1670854587,1.015,0.1
1670854587,1.019,0.09
1670854587,1.019,0.099
1670854587,1.017,0.098
1670854587,1.016,0.103
1670854587,1.02,0.097
1670854587,1.018,0.095
1670854587,1.019,0.099
1670854587,1.014,0.095
1670854587,1.018,0.098
1670854587,1.017,0.097
1670854587,1.018,0.105
1670854587,1.02,0.097
1670854587,1.017,0.1
1670854587,1.016,0.1
1670854587,1.022,0.09
1670854587,1.017,0.1
1670854587,1.017,0.095
1670854587,1.017,0.095
1670854588,1.018,0.1
1670854588,1.018,0.09
1670854588,1.02,0.104
1670854588,1.018,0.102
1670854588,1.015,0.093
1670854588,1.016,0.089
1670854588,1.021,0.096
1670854588,1.022,0.096
1670854588,1.02,0.114
1670854588,1.018,0.099
1670854588,1.021,0.093
1670854588,1.019,0.097
1670854588,1.016,0.097
1670854588,1.02,0.098
1670854588,1.017,0.093
1670854588,1.018,0.108
1670854588,1.019,0.097
1670854588,1.018,0.092
1670854588,1.018,0.089
1670854588,1.019,0.092
1670854589,1.022,0.094
1670854589,1.019,0.094
1670854589,1.018,0.099
1670854589,1.019,0.089
1670854589,1.019,0.098
1670854589,1.016,0.093
1670854589,1.017,0.099
1670854589,1.017,0.093
1670854589,1.019,0.095
1670854589,1.007,0.101
1670854589,1.019,0.095
1670854589,1.014,0.093
1670854589,1.017,0.096
1670854589,1.019,0.096
1670854589,1.018,0.09
1670854589,1.022,0.095
1670854589,1.017,0.092
1670854589,1.019,0.089
1670854589,1.017,0.092
1670854589,1.019,0.092
1670854590,1.021,0.089
1670854590,1.019,0.096
1670854590,1.021,0.096
1670854590,1.022,0.091
1670854590,1.018,0.093
1670854590,1.017,0.093
1670854590,1.018,0.094
1670854590,1.018,0.098
1670854590,1.016,0.091
1670854590,1.019,0.09
1670854590,1.018,0.1
1670854590,1.017,0.111
1670854590,1.018,0.1
1670854590,1.017,0.09
1670854590,1.018,0.091
1670854590,1.017,0.097
1670854590,1.015,0.112
1670854590,1.021,0.089
1670854590,1.018,0.083
1670854590,1.017,0.124
1670854591,1.015,0.109
1670854591,1.018,0.101
1670854591,1.019,0.093
1670854591,1.014,0.081
1670854591,1.018,0.113
1670854591,1.017,0.11
1670854591,1.018,0.092
1670854591,1.014,0.107
1670854591,1.016,0.095
1670854591,1.017,0.078
1670854591,1.017,0.103
1670854591,1.018,0.102
1670854591,1.019,0.097
1670854591,1.021,0.102
1670854591,1.019,0.113
1670854591,1.017,0.1
1670854591,1.021,0.096
1670854591,1.02,0.1
1670854591,1.015,0.091
1670854591,1.019,0.141
1670854592,1.017,0.083
1670854592,1.018,0.089
1670854592,1.017,0.062
1670854592,1.021,0.079
1670854592,1.014,0.083
1670854592,1.02,0.16
1670854592,1.017,0.1
1670854592,1.018,0.016
1670854592,1.017,0.112
1670854592,1.019,0.095
1670854592,1.022,0.18
1670854592,1.153,0.055
1670854592,2.455,0.11
1670854592,2.453,0.118
1670854592,2.451,0.076
1670854592,2.454,0.082
1670854592,2.452,0.069
1670854592,2.456,0.081
1670854592,2.453,0.074
1670854592,2.454,0.063
1670854593,2.452,0.106
1670854593,2.446,0.042
1670854593,2.453,0.107
1670854593,2.455,0.109
1670854593,2.459,0.15
1670854593,2.453,0.104
1670854593,2.452,0.087
1670854593,1.786,0.103
1670854593,1.018,0.091
1670854593,1.02,0.121
1670854593,1.016,1.042
1670854593,1.013,8.222
1670854593,1.019,8.224
1670854593,1.014,8.217
1670854593,1.02,8.221
1670854593,1.018,8.226
1670854593,1.019,8.227
1670854593,1.016,8.219
1670854593,1.017,8.221
1670854593,1.017,8.229
1670854594,1.017,8.219
1670854594,1.019,8.223
1670854594,1.014,8.218
1670854594,1.018,8.223
1670854594,1.013,8.223
1670854594,1.018,8.234
1670854594,1.02,1.577
1670854594,1.017,0.109
1670854594,2.111,0.096
1670854594,2.453,0.083
1670854594,2.454,0.107
1670854594,2.447,0.069
1670854594,2.453,0.092
1670854594,2.452,0.086
1670854594,2.451,0.123
1670854594,2.453,0.113
1670854594,2.456,0.129
1670854594,2.451,-0.003
1670854594,2.455,0.097
1670854594,2.45,0.074
1670854595,2.451,0.073
1670854595,2.452,0.066
1670854595,2.453,0.099
1670854595,1.822,0.134
1670854595,1.023,0.179
1670854595,1.022,0.162
1670854595,1.021,0.187
1670854595,1.019,4.808
1670854595,1.014,8.22
1670854595,1.014,8.223
1670854595,2.365,8.222
1670854595,2.451,8.215
1670854595,2.454,8.216
1670854595,2.454,8.228
1670854595,2.457,8.21
1670854595,2.448,8.215
1670854595,2.449,8.222
1670854595,2.452,8.22
1670854595,2.455,8.22
1670854595,2.453,8.22
1670854596,2.452,8.216
1670854596,2.452,8.217
1670854596,2.459,1.972
1670854596,2.452,0.103
1670854596,2.455,0.113
1670854596,1.132,0.089
1670854596,1.017,0.155
1670854596,1.015,-0.002
1670854596,1.02,0.149
1670854596,1.015,3.193
1670854596,1.019,8.226
1670854596,1.015,8.226
1670854596,1.017,8.222
1670854596,1.017,8.217
1670854596,1.021,8.229
1670854596,1.014,8.223
1670854596,1.019,8.214
1670854596,1.017,8.213
1670854596,1.016,8.228
1670854596,1.014,8.225
1670854597,1.018,8.226
1670854597,1.018,8.227
1670854597,1.015,8.223
1670854597,1.018,3.682
1670854597,1.016,0.081
1670854597,1.019,0.068
1670854597,1.016,0.124
1670854597,1.016,0.126
1670854597,1.016,0.095
1670854597,1.019,0.11
1670854597,1.017,0.114
1670854597,1.017,0.084
1670854597,1.018,0.099
1670854597,1.015,0.099
1670854597,1.018,0.09
1670854597,1.018,0.098
1670854597,1.016,0.089
1670854597,1.017,0.097
1670854597,1.017,0.091
1670854597,1.019,0.097
1670854598,1.018,0.094
1670854598,1.015,0.092
1670854598,1.017,0.102
1670854598,1.018,0.102
1670854598,1.015,0.098
1670854598,1.017,0.095
1670854598,1.021,0.094
1670854598,1.017,0.096
1670854598,1.022,0.101
1670854598,1.016,0.103
1670854598,1.017,0.087
1670854598,1.016,0.102
1670854598,1.015,0.101
1670854598,1.019,0.084
1670854598,1.015,0.097
1670854598,1.015,0.097
1670854598,1.017,0.103
1670854598,1.016,0.093
1670854598,1.016,0.1
1670854598,1.017,0.098
1670854599,1.018,0.091
1670854599,1.017,0.09
1670854599,1.02,0.097
1670854599,1.014,0.095
1670854599,1.018,0.098
1670854599,1.018,0.094
1670854599,1.018,0.101
1670854599,1.019,0.102
1670854599,1.019,0.096
1670854599,1.015,0.095
1670854599,1.018,0.095
1670854599,1.015,0.096
1670854599,1.015,0.096
1670854599,1.018,0.095
1670854599,1.019,0.099
1670854599,1.017,0.097
1670854599,1.018,0.097
1670854599,1.018,0.093
1670854599,1.019,0.093
1670854599,1.02,0.1
1670854600,1.015,0.096
1670854600,1.02,0.098
1670854600,1.017,0.098
1670854600,1.016,0.096
1670854600,1.016,0.092
1670854600,1.019,0.102
1670854600,1.02,0.094
1670854600,1.016,0.094
1670854600,1.019,0.101
1670854600,1.022,0.091
1670854600,1.017,0.092
1670854600,1.019,0.09
1670854600,1.015,0.095
1670854600,1.015,0.099
1670854600,1.018,0.09
1670854600,1.017,0.095
1670854600,1.019,0.094
1670854600,1.02,0.095
1670854600,1.016,0.106
1670854600,1.019,0.108
1670854601,1.017,0.096
1670854601,1.022,0.094
1670854601,1.017,0.098
1670854601,1.018,0.11
1670854601,1.017,0.099
1670854601,1.019,0.091
1670854601,1.021,0.091
1670854601,1.019,0.091
1670854601,1.019,0.092
1670854601,1.022,0.095
1670854601,1.021,0.094
1670854601,1.016,0.097
1670854601,1.015,0.098
1670854601,1.017,0.094
1670854601,1.022,0.1
1670854601,1.015,0.096
1670854601,1.019,0.092
1670854601,1.018,0.091
1670854601,1.017,0.097
1670854601,1.013,0.094
1670854602,1.016,0.09
1670854602,1.017,0.103
1670854602,1.015,0.1
1670854602,1.019,0.097
1670854602,1.017,0.095
1670854602,1.018,0.094
1670854602,1.016,0.103
1670854602,1.018,0.095
1670854602,1.016,0.093
1670854602,1.016,0.096
1670854602,1.026,0.107
1670854602,1.014,0.101
1670854602,1.019,0.106
1670854602,1.02,0.105
1670854602,1.017,0.091
1670854602,1.018,0.102
1670854602,1.02,0.104
1670854602,1.019,0.099
1670854602,1.018,0.094
1670854602,1.017,0.101
1670854603,1.016,0.088
1670854603,1.02,0.101
1670854603,1.02,0.098
1670854603,1.016,0.096
1670854603,1.019,0.096
1670854603,1.015,0.099
1670854603,1.016,0.1
1670854603,1.02,0.094
1670854603,1.014,0.088
1670854603,1.02,0.101
1670854603,1.014,0.096
1670854603,1.015,0.097
1670854603,1.017,0.096
1670854603,1.016,0.093
1670854603,1.016,0.093
1670854603,1.017,0.103
1670854603,1.018,0.097
1670854603,1.017,0.091
1670854603,1.017,0.094
1670854603,1.017,0.092
1670854604,1.017,0.099
1670854604,1.014,0.086
1670854604,1.017,0.09
1670854604,1.015,0.105
1670854604,1.017,0.095
1670854604,1.019,0.101
1670854604,1.016,0.09
1670854604,1.02,0.096
1670854604,1.019,0.096
1670854604,1.015,0.101
1670854604,1.018,0.104
1670854604,1.022,0.086
1670854604,1.015,0.092
1670854604,1.019,0.093
1670854604,1.019,0.093
1670854604,1.02,0.102
1670854604,1.021,0.096
1670854604,1.019,0.093
1670854604,1.017,0.093
1670854604,1.017,0.101
1670854605,1.019,0.093
1670854605,1.016,0.096
1670854605,1.018,0.097
1670854605,1.021,0.098
1670854605,1.017,0.097
1670854605,1.018,0.108
1670854605,1.017,0.104
1670854605,1.015,0.098
1670854605,1.015,0.101
1670854605,1.019,0.1
1670854605,1.018,0.107
1670854605,1.018,0.099
1670854605,1.02,0.097
1670854605,1.017,0.098
1670854605,1.018,0.088
1670854605,1.018,0.092
1670854605,1.017,0.094
1670854605,1.02,0.1
1670854605,1.018,0.091
1670854605,1.02,0.096
1670854606,1.015,0.091
1670854606,1.017,0.095
1670854606,1.019,0.089
1670854606,1.016,0.106
1670854606,1.017,0.098
1670854606,1.017,0.099
1670854606,1.019,0.092
1670854606,1.021,0.104
1670854606,1.016,0.098
1670854606,1.019,0.095
1670854606,1.017,0.103
1670854606,1.021,0.104
1670854606,1.015,0.09
1670854606,1.018,0.091
1670854606,1.02,0.093
1670854606,1.018,0.089
1670854606,1.018,0.094
1670854606,1.02,0.094
1670854606,1.018,0.096
1670854606,1.021,0.092
1670854607,1.015,0.09
1670854607,1.019,0.094
1670854607,1.021,0.099
1670854607,1.017,0.096
1670854607,1.018,0.093
1670854607,1.016,0.118
1670854607,1.018,0.133
1670854607,1.02,0.05
1670854607,1.017,0.088
1670854607,1.017,0.088
1670854607,1.018,0.091
1670854607,1.016,0.091
1670854607,1.017,0.099
1670854607,1.013,0.092
1670854607,1.021,0.11
1670854607,1.018,0.094
1670854607,1.018,0.109
1670854607,1.019,0.096
1670854607,1.018,0.078
1670854607,1.015,0.097
1670854608,1.018,0.08
1670854608,1.019,0.094
1670854608,1.017,0.08
1670854608,1.018,0.091
1670854608,1.019,0.099
1670854608,1.017,0.078
1670854608,1.017,0.114
1670854608,1.017,0.097
1670854608,1.018,0.081
1670854608,1.019,0.09
1670854608,1.013,0.082
1670854608,1.021,0.187
1670854608,1.018,0.068
1670854608,1.015,0.067
1670854608,1.016,0.108
1670854608,1.016,0.048
1670854608,1.017,0.142
1670854608,1.018,0.17
1670854608,1.021,0.129
1670854608,1.018,0.152
1670854609,1.017,0.082
1670854609,1.016,0.105
1670854609,1.018,0.086
1670854609,1.018,0.119
1670854609,1.014,0.065
1670854609,1.016,0.113
1670854609,1.014,0.077
1670854609,1.014,0.073
1670854609,1.02,0.148
1670854609,1.017,0.103
1670854609,1.017,0.103
1670854609,1.012,0.063
1670854609,1.016,0.065
1670854609,1.018,0.09
1670854609,1.013,0.08
1670854609,1.018,0.162
1670854609,1.018,0.075
1670854609,1.019,0.137
1670854609,1.019,0.102
1670854609,1.019,0.089
1670854610,1.016,0.082
1670854610,1.02,0.132
1670854610,1.017,0.091
1670854610,1.014,0.047
1670854610,1.015,0.058
1670854610,1.021,0.15
1670854610,1.017,0.131
1670854610,1.019,0.166
1670854610,1.016,0.033
1670854610,1.014,0.07
1670854610,1.016,0.056
1670854610,1.012,0.042
1670854610,1.017,0.113
1670854610,1.017,0.097
1670854610,1.018,0.071
1670854610,1.019,0.151
1670854610,1.016,0.126
1670854610,1.018,0.088
1670854610,1.015,0.056
1670854610,1.022,0.159
1670854611,1.019,0.121
1670854611,1.015,0.145
1670854611,1.017,-0.005
1670854611,1.018,0.115
1670854611,1.021,0.164
1670854611,1.016,0.137
1670854611,1.018,0.083
1670854611,1.018,0.052
1670854611,1.019,0.092
1670854611,1.018,0.096
1670854611,1.015,0.064
1670854611,1.016,0.038
1670854611,1.022,0.122
1670854611,1.015,0.021
1670854611,1.02,0.11
1670854611,1.019,0.121
1670854611,1.019,0.143
1670854611,1.016,0.044
1670854611,1.015,0.025
1670854611,1.016,0.084
1670854612,1.021,0.106
1670854612,1.021,0.113
1670854612,1.016,0.061
1670854612,1.02,0.137
1670854612,1.014,0.042
1670854612,1.016,0.085
1670854612,1.018,0.049
1670854612,1.02,0.08
1670854612,1.018,0.064
1670854612,1.015,0.089
1670854612,1.014,0.01
1670854612,1.016,0.07
1670854612,1.019,0.118
1670854612,1.017,0.101
1670854612,1.016,0.093
1670854612,1.017,0.047
1670854612,1.016,0.06
1670854612,1.018,0.089
1670854612,1.023,0.088
1670854612,1.019,0.09
1670854613,1.02,0.088
1670854613,1.019,0.092
1670854613,1.018,0.095
1670854613,1.014,0.1
1670854613,1.017,0.078
1670854613,1.019,0.101
1670854613,1.016,0.088
1670854613,1.019,0.097
1670854613,1.016,0.123
1670854613,1.016,0.083
1670854613,1.018,0.148
1670854613,1.021,0.104
1670854613,1.018,0.107
1670854613,1.018,0.089
1670854613,1.019,0.104
1670854613,1.02,0.102
1670854613,1.016,0.074
1670854613,1.019,0.113
1670854613,1.018,0.098
1670854613,1.018,0.114
1670854614,1.016,0.084
1670854614,1.017,0.112
1670854614,1.021,0.113
1670854614,1.017,0.093
1670854614,1.018,0.1
1670854614,1.02,0.097
1670854614,1.019,0.103
1670854614,1.018,0.089
1670854614,1.016,0.107
1670854614,1.019,0.094
1670854614,1.02,0.097
1670854614,1.021,0.09
1670854614,1.019,0.095
1670854614,1.019,0.096
1670854614,1.021,0.101
1670854614,1.017,0.108
1670854614,1.017,0.099
1670854614,1.019,0.091
1670854614,1.014,0.101
1670854614,1.019,0.1
1670854615,1.015,0.099
1670854615,1.016,0.094
1670854615,1.016,0.092
1670854615,1.016,0.098
1670854615,1.017,0.096
1670854615,1.018,0.094
1670854615,1.018,0.098
1670854615,1.018,0.1
1670854615,1.017,0.096
1670854615,1.019,0.098
1670854615,1.015,0.104
1670854615,1.017,0.099
1670854615,1.019,0.091
1670854615,1.019,0.09
1670854615,1.017,0.093
1670854615,1.019,0.098
1670854615,1.016,0.097
1670854615,1.019,0.09
1670854615,1.018,0.095
1670854615,1.018,0.099
1670854616,1.017,0.094
1670854616,1.019,0.094
1670854616,1.018,0.097
1670854616,1.013,0.094
1670854616,1.018,0.096
1670854616,1.019,0.098
1670854616,1.015,0.086
1670854616,1.017,0.089
1670854616,1.017,0.098
1670854616,1.017,0.098
1670854616,1.02,0.094
1670854616,1.018,0.104
1670854616,1.019,0.1
1670854616,1.017,0.096
1670854616,1.018,0.1
1670854616,1.019,0.093
1670854616,1.022,0.102
1670854616,1.015,0.095
1670854616,1.017,0.091
1670854616,1.017,0.09
1670854617,1.019,0.096
1670854617,1.02,0.092
1670854617,1.019,0.101
1670854617,1.017,0.1
1670854617,1.019,0.082
1670854617,1.019,0.101
1670854617,1.017,0.097
1670854617,1.023,0.093
1670854617,1.016,0.098
1670854617,1.019,0.097
1670854617,1.018,0.093
1670854617,1.018,0.095
1670854617,1.02,0.098
1670854617,1.018,0.089
1670854617,1.018,0.099
1670854617,1.021,0.1
1670854617,1.019,0.094
1670854617,1.022,0.098
1670854617,1.018,0.089
1670854617,1.015,0.096
1670854618,1.02,0.096
1670854618,1.024,0.093
1670854618,1.017,0.1
1670854618,1.021,0.1
1670854618,1.019,0.096
1670854618,1.019,0.099
1670854618,1.02,0.092
1670854618,1.018,0.096
1670854618,1.017,0.095
1670854618,1.016,0.088
1670854618,1.016,0.088
1670854618,1.019,0.098
1670854618,1.015,0.116
1670854618,1.018,0.073
1670854618,1.016,0.1
1670854618,1.019,0.099
1670854618,1.021,0.111
1670854618,1.017,0.065
1670854618,1.017,0.1
1670854618,1.018,0.081
1670854619,1.019,0.106
1670854619,1.019,0.089
1670854619,1.017,0.115
1670854619,1.021,0.097
1670854619,1.016,0.116
1670854619,1.017,0.091
1670854619,1.018,0.089
1670854619,1.02,0.095
1670854619,1.012,0.097
1670854619,1.017,0.092
1670854619,1.019,0.097
1670854619,1.017,0.096
1670854619,1.022,0.1
1670854619,1.017,0.097
1670854619,1.018,0.099
1670854619,1.013,0.105
1670854619,1.014,0.103
1670854619,1.022,0.098
1670854619,1.015,0.1
1670854619,1.019,0.095
1670854620,1.019,0.098
1670854620,1.017,0.095
1670854620,1.019,0.108
1670854620,1.017,0.094
1670854620,1.019,0.094
1670854620,1.016,0.098
1670854620,1.017,0.106
1670854620,1.021,0.096
1670854620,1.02,0.096
1670854620,1.018,0.099
1670854620,1.02,0.096
1670854620,1.019,0.102
1670854620,1.019,0.094
1670854620,1.019,0.095
1670854620,1.02,0.096
1670854620,1.017,0.097
1670854620,1.022,0.097
1670854620,1.016,0.093
1670854620,1.021,0.099
1670854620,1.02,0.101
1670854621,1.016,0.095
1670854621,1.017,0.095
1670854621,1.019,0.095
1670854621,1.017,0.094
1670854621,1.018,0.102
1670854621,1.017,0.098
1670854621,1.016,0.097
1670854621,1.016,0.091
1670854621,1.019,0.097
1670854621,1.01,0.075
1670854621,1.018,0.1
1670854621,1.016,0.089
1670854621,1.017,0.096
1670854621,1.019,0.105
1670854621,1.02,0.098
1670854621,1.02,0.105
1670854621,1.017,0.091
1670854621,1.022,0.088
1670854621,1.022,0.091
1670854621,1.018,0.096
1670854622,1.02,0.095
1670854622,1.017,0.09
1670854622,1.021,0.092
1670854622,1.018,0.095
1670854622,1.019,0.101
1670854622,1.018,0.094
1670854622,1.017,0.098
1670854622,1.02,0.105
1670854622,1.019,0.095
1670854622,1.023,0.102
1670854622,1.018,0.096
1670854622,1.018,0.098
1670854622,1.019,0.095
1670854622,1.016,0.101
1670854622,1.018,0.096
1670854622,1.016,0.093
1670854622,1.019,0.091
1670854622,1.018,0.104
1670854622,1.016,0.099
1670854622,1.02,0.103
1670854623,1.017,0.098
1670854623,1.017,0.094
1670854623,1.017,0.099
1670854623,1.015,0.095
1670854623,1.019,0.097
1670854623,1.018,0.099
1670854623,1.019,0.099
1670854623,1.017,0.097
1670854623,1.022,0.092
1670854623,1.019,0.097
1670854623,1.01,0.088
1670854623,1.02,0.096
1670854623,1.02,0.096
1670854623,1.018,0.095
1670854623,1.019,0.099
1670854623,1.021,0.104
1670854623,1.022,0.102
1670854623,1.016,0.099
1670854623,1.02,0.094
1670854623,1.018,0.073
1670854624,1.018,0.102
1670854624,1.02,0.089
1670854624,1.019,0.089
1670854624,1.016,0.114
1670854624,1.018,0.079
1670854624,1.018,0.088
1670854624,1.02,0.122
1670854624,1.016,0.077
1670854624,1.018,0.099
1670854624,1.02,0.105
1670854624,1.022,0.099
1670854624,1.016,0.1
1670854624,1.019,0.13
1670854624,1.016,0.058
1670854624,1.017,0.124
1670854624,1.02,0.107
1670854624,1.019,0.112
1670854624,1.02,0.095
1670854624,1.017,0.084
1670854624,1.018,0.087
1670854625,1.013,0.034
1670854625,1.016,0.085
1670854625,1.02,0.111
1670854625,1.019,0.086
1670854625,1.015,0.007
1670854625,1.019,0.117
1670854625,1.015,0.074
1670854625,1.016,0.064
1670854625,1.02,0.16
1670854625,1.02,0.12
1670854625,1.019,0.122
1670854625,1.019,0.074
1670854625,1.017,0.085
1670854625,1.021,0.089
1670854625,1.018,0.144
1670854625,1.018,0.092
1670854625,1.018,0.106
1670854625,1.015,0.071
1670854625,1.02,0.15
1670854625,1.02,0.137
1670854626,1.018,0.111
1670854626,1.016,0.138
1670854626,1.016,0.053
1670854626,1.018,0.064
1670854626,1.019,0.103
1670854626,1.017,0.077
1670854626,1.015,0.073
1670854626,1.017,0.087
1670854626,1.018,0.069
1670854626,1.017,0.069
1670854626,1.016,0.078
1670854626,1.02,0.117
1670854626,1.02,0.118
1670854626,1.016,0.055
1670854626,1.019,0.057
1670854626,1.019,0.121
1670854626,1.019,0.066
1670854626,1.02,0.129
1670854626,1.02,0.118
1670854626,1.022,0.104
1670854627,1.019,0.131
1670854627,1.02,0.08
1670854627,1.015,0.043
1670854627,1.018,0.098
1670854627,1.019,0.083
1670854627,1.015,0.041
1670854627,1.021,0.147
1670854627,1.016,0.134
1670854627,1.02,0.105
1670854627,1.016,0.021
1670854627,1.018,0.092
1670854627,1.018,0.103
1670854627,1.019,0.068
1670854627,1.021,0.138
1670854627,1.021,0.102
1670854627,1.016,0.052
1670854627,1.02,0.126
1670854627,1.017,0.062
1670854627,1.018,0.089
1670854627,1.019,0.147
1670854628,1.018,0.051
1670854628,1.017,0.1
1670854628,1.021,0.179
1670854628,1.017,0.044
1670854628,1.019,0.133
1670854628,1.016,0.109
1670854628,1.02,0.141
1670854628,1.016,0.053
1670854628,1.019,0.095
1670854628,1.021,0.143
1670854628,1.018,0.091
1670854628,1.017,0.043
1670854628,1.022,0.104
1670854628,1.018,0.068
1670854628,1.02,0.051
1670854628,1.02,0.123
1670854628,1.015,0.035
1670854628,1.015,0.045
1670854628,1.018,0.084
1670854628,1.021,0.127
1670854629,1.018,0.086
1670854629,1.017,0.084
1670854629,1.016,0.069
1670854629,1.016,0.082
1670854629,1.02,0.089
1670854629,1.021,0.089
1670854629,1.019,0.085
1670854629,1.018,0.05
1670854629,1.017,0.099
1670854629,1.019,0.057
1670854629,1.019,0.07
1670854629,1.015,0.084
1670854629,1.02,0.054
1670854629,1.02,0.113
1670854629,1.018,0.114
1670854629,1.018,0.079
1670854629,1.021,0.142
1670854629,1.017,0.088
1670854629,1.022,0.115
1670854629,1.017,0.073
1670854630,1.019,0.096
1670854630,1.017,0.098
1670854630,1.017,0.126
1670854630,1.017,0.097
1670854630,1.016,0.092
1670854630,1.018,0.096
1670854630,1.019,0.104
1670854630,1.016,0.091
1670854630,1.017,0.094
1670854630,1.016,0.093
1670854630,1.021,0.106
1670854630,1.017,0.088
1670854630,1.018,0.097
1670854630,1.019,0.103
1670854630,1.016,0.089
1670854630,1.018,0.102
1670854630,1.021,0.095
1670854630,1.017,0.09
1670854630,1.017,0.107
1670854630,1.017,0.101
1670854631,1.019,0.087
1670854631,1.017,0.099
1670854631,1.018,0.1
1670854631,1.015,0.091
1670854631,1.017,0.098
1670854631,1.018,0.094
1670854631,1.017,0.09
1670854631,1.018,0.096
1670854631,1.016,0.084
1670854631,1.017,0.096
1670854631,1.018,0.094
1670854631,1.016,0.099
1670854631,1.016,0.098
1670854631,1.018,0.09
1670854631,1.018,0.098
1670854631,1.019,0.086
1670854631,1.019,0.095
1670854631,1.018,0.099
1670854631,1.017,0.095
1670854631,1.018,0.088
1670854632,1.017,0.092
1670854632,1.018,0.102
1670854632,1.019,0.099
1670854632,1.015,0.102
1670854632,1.016,0.101
1670854632,1.015,0.097
1670854632,1.018,0.102
1670854632,1.02,0.094
1670854632,1.014,0.1
1670854632,1.016,0.104
1670854632,1.019,0.092
1670854632,1.017,0.097
1670854632,1.019,0.095
1670854632,1.014,0.094
1670854632,1.02,0.097
1670854632,1.018,0.097
1670854632,1.018,0.097
1670854632,1.016,0.1
1670854632,1.02,0.104
1670854632,1.017,0.094
1670854633,1.017,0.093
1670854633,1.017,0.095
1670854633,1.017,0.089
1670854633,1.015,0.102
1670854633,1.021,0.097
1670854633,1.018,0.104
1670854633,1.019,0.092
1670854633,1.02,0.102
1670854633,1.02,0.096
1670854633,1.019,0.094
1670854633,1.016,0.104
1670854633,1.014,0.098
1670854633,1.02,0.096
1670854633,1.019,0.1
1670854633,1.021,0.11
1670854633,1.019,0.102
1670854633,1.017,0.095
1670854633,1.019,0.103
1670854633,1.017,0.094
1670854633,1.021,0.09
1670854634,1.018,0.099
1670854634,1.018,0.099
1670854634,1.015,0.096
1670854634,1.016,0.095
1670854634,1.017,0.096
1670854634,1.02,0.091
1670854634,1.016,0.097
1670854634,1.015,0.107
1670854634,1.019,0.09
1670854634,1.017,0.096
1670854634,1.017,0.116
1670854634,1.019,0.098
1670854634,1.02,0.091
1670854634,1.017,0.1
1670854634,1.019,0.097
1670854634,1.016,0.094
1670854634,1.017,0.1
1670854634,1.018,0.103
1670854634,1.02,0.109
1670854634,1.019,0.092
1670854635,1.02,0.097
1670854635,1.016,0.095
1670854635,1.016,0.094
1670854635,1.018,0.101
1670854635,1.018,0.1
1670854635,1.017,0.099
1670854635,1.016,0.093
1670854635,1.019,0.095
1670854635,1.016,0.098
1670854635,1.021,0.09
1670854635,1.015,0.096
1670854635,1.018,0.083
1670854635,1.017,0.09
1670854635,1.018,0.103
1670854635,1.021,0.098
1670854635,1.02,0.101
1670854635,1.017,0.1
1670854635,1.019,0.102
1670854635,1.017,0.096
1670854635,1.018,0.105
1670854636,1.016,0.101
1670854636,1.019,0.09
1670854636,1.016,0.091
1670854636,1.017,0.093
1670854636,1.021,0.092
1670854636,1.021,0.099
1670854636,1.017,0.095
1670854636,1.015,0.088
1670854636,1.017,0.103
1670854636,1.016,0.096
1670854636,1.017,0.098
1670854636,1.027,0.097
1670854636,1.017,0.095
1670854636,1.019,0.105
1670854636,1.019,0.096
1670854636,1.016,0.092
1670854636,1.016,0.099
1670854636,1.016,0.093
1670854636,1.018,0.099
1670854636,1.018,0.095
1670854637,1.014,0.094
1670854637,1.017,0.102
1670854637,1.016,0.101
1670854637,1.018,0.095
1670854637,1.017,0.097
1670854637,1.015,0.093
1670854637,1.017,0.089
1670854637,1.02,0.09
1670854637,1.017,0.089
1670854637,1.015,0.096
1670854637,1.018,0.105
1670854637,1.018,0.101
1670854637,1.018,0.098
1670854637,1.019,0.099
1670854637,1.016,0.1
1670854637,1.016,0.102
1670854637,1.016,0.102
1670854637,1.018,0.11
1670854637,1.018,0.093
1670854637,1.018,0.104
1670854638,1.018,0.088
1670854638,1.015,0.1
1670854638,1.017,0.097
1670854638,1.014,0.095
1670854638,1.017,0.103
1670854638,1.019,0.103
1670854638,1.019,0.101
1670854638,1.017,0.095
1670854638,1.019,0.092
1670854638,1.017,0.103
1670854638,1.015,0.099
1670854638,1.019,0.092
1670854638,1.018,0.101
1670854638,1.017,0.089
1670854638,1.021,0.098
1670854638,1.016,0.09
1670854638,1.018,0.099
1670854638,1.02,0.095
1670854638,1.015,0.086
1670854638,1.018,0.095
1670854639,1.017,0.096
1670854639,1.017,0.099
1670854639,1.017,0.094
1670854639,1.018,0.095
1670854639,1.015,0.094
1670854639,1.017,0.102
1670854639,1.015,0.102
1670854639,1.017,0.092
1670854639,1.014,0.097
1670854639,1.016,0.102
1670854639,1.018,0.097
1670854639,1.013,0.094
1670854639,1.018,0.093
1670854639,1.016,0.087
1670854639,1.016,0.097
1670854639,1.015,0.093
1670854639,1.017,0.101
1670854639,1.015,0.1
1670854639,1.017,0.098
1670854639,1.019,0.104
1670854640,1.019,0.102
1670854640,1.018,0.097
1670854640,1.018,0.096
1670854640,1.016,0.091
1670854640,1.019,0.103
1670854640,1.015,0.101
1670854640,1.015,0.095
1670854640,1.019,0.101
1670854640,1.017,0.103
1670854640,1.014,0.08
1670854640,1.019,0.102
1670854640,1.017,0.084
1670854640,1.016,0.101
1670854640,1.015,0.069
1670854640,1.02,0.108
1670854640,1.017,0.121
1670854640,1.015,0.094
1670854640,1.02,0.114
1670854640,1.018,0.127
1670854640,1.015,0.088
1670854641,1.018,0.104
1670854641,1.019,0.092
1670854641,1.015,0.121
1670854641,1.02,0.093
1670854641,1.018,0.105
1670854641,1.018,0.099
1670854641,1.02,0.093
1670854641,1.016,0.15
1670854641,1.012,0.057
1670854641,1.018,0.063
1670854641,1.013,0.126
1670854641,1.018,0.09
1670854641,1.016,0.133
1670854641,1.013,0.052
1670854641,1.015,0.087
1670854641,1.021,0.172
1670854641,1.017,0.099
1670854641,1.015,0.119
1670854641,1.015,0.044
1670854641,1.017,0.091
1670854642,1.019,0.14
1670854642,1.017,0.117
1670854642,1.013,0.065
1670854642,1.014,0.03
1670854642,1.015,0.089
1670854642,1.013,0.066
1670854642,1.019,0.092
1670854642,1.016,0.109
1670854642,1.016,0.071
1670854642,1.019,0.075
1670854642,1.015,0.117
1670854642,1.015,0.117
1670854642,1.017,0.113
1670854642,1.016,0.052
1670854642,1.016,0.098
1670854642,1.015,0.076
1670854642,1.016,0.122
1670854642,1.017,0.068
1670854642,1.017,0.133
1670854642,1.02,0.091
1670854643,1.017,0.081
1670854643,1.016,0.091
1670854643,1.016,0.068
1670854643,1.017,0.129
1670854643,1.02,0.099
1670854643,1.018,0.091
1670854643,1.017,0.117
1670854643,1.015,0.059
1670854643,1.017,0.123
1670854643,1.016,0.099
1670854643,1.019,0.118
1670854643,1.016,0.091
1670854643,1.017,0.071
1670854643,1.02,0.103
1670854643,1.014,-0.014
1670854643,1.017,0.068
1670854643,1.019,0.068
1670854643,1.014,0.026
1670854643,1.02,0.124
1670854643,1.018,0.133
1670854644,1.018,0.136
1670854644,1.018,0.041
1670854644,1.018,0.114
1670854644,1.017,0.12
1670854644,1.019,0.116
1670854644,1.014,0.028
1670854644,1.019,0.122
1670854644,1.015,0.111
1670854644,1.018,0.141
1670854644,1.017,0.052
1670854644,1.019,0.15
1670854644,1.017,0.117
1670854644,1.018,0.125
1670854644,1.017,0.078
1670854644,1.017,0.083
1670854644,1.019,0.124
1670854644,1.02,0.167
1670854644,1.018,0.166
1670854644,1.02,0.144
1670854644,1.018,0.046
1670854645,1.017,0.084
1670854645,1.017,0.082
1670854645,1.021,0.137
1670854645,1.02,0.138
1670854645,1.022,0.123
1670854645,1.022,0.103
1670854645,1.017,0.063
1670854645,1.019,0.115
1670854645,1.022,0.128
1670854645,1.021,0.128
1670854645,1.02,0.136
1670854645,1.019,0.123
1670854645,1.018,0.089
1670854645,1.017,0.107
1670854645,1.023,0.077
1670854645,1.016,0.102
1670854645,1.019,0.129
1670854645,1.017,0.108
1670854645,1.017,0.097
1670854645,1.017,0.098
1670854646,1.021,0.074
1670854646,1.02,0.109
1670854646,1.019,0.088
1670854646,1.02,0.099
1670854646,1.018,0.103
1670854646,1.022,0.115
1670854646,1.021,0.106
1670854646,1.017,0.104
1670854646,1.014,0.087
1670854646,1.02,0.09
1670854646,1.021,0.105
1670854646,1.017,0.08
1670854646,1.015,0.077
1670854646,1.018,0.135
1670854646,1.014,0.083
1670854646,1.022,0.127
1670854646,1.016,0.084
1670854646,1.013,0.08
1670854646,1.018,0.107
1670854646,1.015,0.103
1670854647,1.016,0.094
1670854647,1.017,0.093
1670854647,1.016,0.102
1670854647,1.015,0.094
1670854647,1.016,0.095
1670854647,1.018,0.103
1670854647,1.018,0.095
1670854647,1.019,0.11
1670854647,1.019,0.105
1670854647,1.014,0.101
1670854647,1.016,0.099
1670854647,1.016,0.112
1670854647,1.018,0.102
1670854647,1.018,0.091
1670854647,1.019,0.101
1670854647,1.017,0.092
1670854647,1.02,0.099
1670854647,1.022,0.094
1670854647,1.012,0.093
1670854647,1.019,0.099
1670854648,1.019,0.089
1670854648,1.021,0.092
1670854648,1.018,0.095
1670854648,1.015,0.092
1670854648,1.021,0.102
1670854648,1.015,0.103
1670854648,1.02,0.102
1670854648,1.017,0.1
1670854648,1.021,0.105
1670854648,1.02,0.103
1670854648,1.016,0.091
1670854648,1.017,0.099
1670854648,1.018,0.096
1670854648,1.023,0.097
1670854648,1.02,0.093
1670854648,1.022,0.093
1670854648,1.019,0.109
1670854648,1.017,0.1
1670854648,1.02,0.102
1670854648,1.021,0.094
1670854649,1.018,0.097
1670854649,1.018,0.095
1670854649,1.016,0.104
1670854649,1.018,0.104
1670854649,1.015,0.096
1670854649,1.016,0.093
1670854649,1.02,0.101
1670854649,1.018,0.098
1670854649,1.021,0.102
1670854649,1.018,0.102
1670854649,1.018,0.1
1670854649,1.016,0.092
1670854649,1.02,0.098
1670854649,1.018,0.098
1670854649,1.017,0.098
1670854649,1.021,0.101
1670854649,1.017,0.097
1670854649,1.017,0.111
1670854649,1.018,0.089
1670854649,1.018,0.099
1670854650,1.016,0.104
1670854650,1.02,0.099
1670854650,1.019,0.099
1670854650,1.015,0.097
1670854650,1.016,0.093
1670854650,1.022,0.097
1670854650,1.019,0.095
1670854650,1.018,0.091
1670854650,1.017,0.097
1670854650,1.019,0.097
1670854650,1.022,0.09
1670854650,1.017,0.093
1670854650,1.015,0.095
1670854650,1.017,0.1
1670854650,1.018,0.102
1670854650,1.016,0.095
1670854650,1.02,0.096
1670854650,1.019,0.101
1670854650,1.015,0.095
1670854650,1.017,0.102
1670854651,1.018,0.099
1670854651,1.017,0.095
1670854651,1.017,0.101
1670854651,1.018,0.093
1670854651,1.018,0.103
1670854651,1.016,0.092
1670854651,1.017,0.098
1670854651,1.012,0.094
1670854651,1.015,0.088
1670854651,1.016,0.098
1670854651,1.016,0.139
1670854651,1.016,0.074
1670854651,1.019,0.141
1670854651,1.017,0.096
1670854651,1.018,0.128
1670854651,1.017,0.069
1670854651,1.022,0.095
1670854651,1.019,0.078
1670854651,1.018,0.116
1670854651,1.017,0.093
1670854652,1.016,0.104
1670854652,1.015,0.085
1670854652,1.015,0.084
1670854652,1.022,0.105
1670854652,1.016,0.1
1670854652,1.018,0.1
1670854652,1.019,0.1
1670854652,1.018,0.078
1670854652,1.021,0.09
1670854652,1.019,0.092
1670854652,1.018,0.106
1670854652,1.018,0.094
1670854652,1.02,0.103
1670854652,1.018,0.095
1670854652,1.016,0.1
1670854652,1.017,0.096
1670854652,1.016,0.09
1670854652,1.019,0.095
1670854652,1.019,0.091
1670854652,1.016,0.099
1670854653,1.015,0.1
1670854653,1.016,0.104
1670854653,2.107,0.099
1670854653,2.452,0.102
1670854653,2.455,0.091
1670854653,2.453,0.092
1670854653,2.454,0.097
1670854653,2.451,0.098
1670854653,2.45,0.095
1670854653,2.447,0.079
1670854653,2.452,0.097
1670854653,2.454,0.084
1670854653,2.455,0.099
1670854653,2.455,0.088
1670854653,2.457,0.104
1670854653,2.454,0.095
1670854653,2.453,0.097
1670854653,2.454,0.1
1670854653,1.506,0.099
1670854653,1.02,0.095
1670854654,1.016,0.099
1670854654,1.015,3.991
1670854654,1.016,8.223
1670854654,1.016,8.222
1670854654,1.02,8.228
1670854654,1.018,8.215
1670854654,1.013,8.228
1670854654,1.015,8.224
1670854654,1.019,8.222
1670854654,1.016,8.23
1670854654,1.012,8.221
1670854654,1.019,8.216
1670854654,1.019,8.22
1670854654,1.018,8.228
1670854654,1.02,8.222
1670854654,1.018,8.222
1670854654,1.018,8.058
1670854654,1.071,0.094
1670854654,2.452,0.094
1670854654,2.45,0.104
1670854655,2.455,0.092
1670854655,2.453,0.097
1670854655,2.452,0.097
1670854655,2.454,0.095
1670854655,2.451,0.093
1670854655,2.455,0.098
1670854655,2.454,0.096
1670854655,2.45,0.099
1670854655,2.452,0.099
1670854655,2.452,0.099
1670854655,2.454,0.093
1670854655,2.457,0.1
1670854655,2.454,0.094
1670854655,1.675,0.099
1670854655,1.021,0.095
1670854655,1.018,0.098
1670854655,1.016,0.095
1670854655,1.015,4.802
1670854655,1.016,8.225
1670854655,1.015,8.226
1670854656,1.016,8.222
1670854656,1.019,8.234
1670854656,1.017,8.223
1670854656,1.016,8.213
1670854656,1.676,8.227
1670854656,2.455,8.221
1670854656,2.451,8.231
1670854656,2.456,8.224
1670854656,2.454,8.228
1670854656,2.451,8.224
1670854656,2.449,8.223
1670854656,2.451,8.223
1670854656,2.456,1.393
1670854656,2.453,0.1
1670854656,2.459,0.097
1670854656,2.453,0.089
1670854656,2.455,0.097
1670854656,2.456,0.119
1670854656,2.45,0.093
1670854656,2.451,0.105
1670854657,1.502,0.085
1670854657,1.018,0.073
1670854657,1.017,0.083
1670854657,1.016,2.198
1670854657,1.017,8.226
1670854657,1.018,8.226
1670854657,1.016,8.218
1670854657,1.015,8.222
1670854657,1.02,8.231
1670854657,1.015,8.227
1670854657,1.016,8.232
1670854657,1.015,8.23
1670854657,1.018,8.228
1670854657,1.016,8.22
1670854657,1.017,8.217
1670854657,1.018,8.226
1670854657,1.018,8.216
1670854657,1.014,8.218
1670854657,1.019,8.22
1670854657,1.013,0.412
1670854658,1.02,0.126
1670854658,1.017,0.103
1670854658,1.019,0.119
1670854658,1.02,0.078
1670854658,1.021,0.085
1670854658,1.019,0.1
1670854658,1.015,0.105
1670854658,1.018,0.088
1670854658,1.019,0.107
1670854658,1.018,0.084
1670854658,1.02,0.101
1670854658,1.018,0.047
1670854658,1.02,0.048
1670854658,1.018,0.091
1670854658,1.023,0.122
1670854658,1.016,0.06
1670854658,1.018,0.107
1670854658,1.014,0.095
1670854658,1.017,0.135
1670854658,1.017,0.103
1670854659,1.018,0.129
1670854659,1.018,0.078
1670854659,1.018,0.076
1670854659,1.018,0.122
1670854659,1.018,0.042
1670854659,1.012,0.074
1670854659,1.021,0.104
1670854659,1.014,0.079
1670854659,1.017,0.055
1670854659,1.017,0.124
1670854659,1.018,0.137
1670854659,1.018,0.081
1670854659,1.016,0.046
1670854659,1.016,0.087
1670854659,1.014,0.084
1670854659,1.018,0.103
1670854659,1.014,0.08
1670854659,1.022,0.132
1670854659,1.023,0.112
1670854659,1.018,0.128
1670854660,1.018,0.13
1670854660,1.021,0.121
1670854660,1.019,0.152
1670854660,1.024,0.135
1670854660,1.02,0.102
1670854660,1.018,0.111
1670854660,1.016,0.081
1670854660,1.021,0.161
1670854660,1.02,0.069
1670854660,1.017,0.089
1670854660,1.02,0.095
1670854660,1.019,0.139
1670854660,1.018,0.088
1670854660,1.017,0.067
1670854660,1.015,0.035
1670854660,1.021,0.122
1670854660,1.018,0.058
1670854660,1.016,0.108
1670854660,1.017,0.038
1670854660,1.015,0.068
1670854661,1.02,0.11
1670854661,1.02,0.138
1670854661,1.021,0.06
1670854661,1.018,0.082
1670854661,1.021,0.102
1670854661,1.018,0.022
1670854661,1.015,0.064
1670854661,1.018,0.071
1670854661,1.019,0.121
1670854661,1.015,0.047
1670854661,1.016,-0.073
1670854661,1.017,0.101
1670854661,1.02,0.153
1670854661,1.018,0.056
1670854661,1.015,0.052
1670854661,1.015,0.102
1670854661,1.017,0.089
1670854661,1.02,0.121
1670854661,1.018,0.129
1670854661,1.02,0.12
1670854662,1.019,0.12
1670854662,1.02,0.148
1670854662,1.016,0.125
1670854662,1.017,0.089
1670854662,1.02,0.088
1670854662,1.019,0.113
1670854662,1.018,0.072
1670854662,1.019,0.109
1670854662,1.022,0.134
1670854662,1.018,0.1
1670854662,1.015,0.077
1670854662,1.021,0.131
1670854662,1.018,0.104
1670854662,1.019,0.078
1670854662,1.019,0.126
1670854662,1.017,0.105
1670854662,1.017,0.097
1670854662,1.016,0.13
1670854662,1.015,0.083
1670854662,1.016,0.101
1670854663,1.019,0.103
1670854663,1.02,0.127
1670854663,1.016,0.096
1670854663,1.019,0.123
1670854663,1.019,0.084
1670854663,1.02,0.122
1670854663,1.019,0.091
1670854663,1.017,0.089
1670854663,1.018,0.094
1670854663,1.017,0.103
1670854663,1.017,0.102
1670854663,1.017,0.098
1670854663,1.019,0.101
1670854663,1.019,0.098
1670854663,1.019,0.104
1670854663,1.02,0.096
1670854663,1.02,0.102
1670854663,1.022,0.098
1670854663,1.019,0.092
1670854663,1.019,0.107
1670854664,1.02,0.092
1670854664,1.018,0.097
1670854664,1.022,0.1
1670854664,1.021,0.104
1670854664,1.02,0.092
1670854664,1.019,0.097
1670854664,1.016,0.101
1670854664,1.018,0.101
1670854664,1.019,0.106
1670854664,1.014,0.101
1670854664,1.018,0.107
1670854664,1.015,0.101
1670854664,1.02,0.099
1670854664,1.019,0.105
1670854664,1.02,0.096
1670854664,1.016,0.102
1670854664,1.016,0.1
1670854664,1.017,0.097
1670854664,1.021,0.098
1670854664,1.021,0.107
1670854665,1.018,0.099
1670854665,1.024,0.1
1670854665,1.02,0.092
1670854665,1.018,0.097
1670854665,1.016,0.096
1670854665,1.017,0.104
1670854665,1.022,0.1
1670854665,1.019,0.103
1670854665,1.018,0.092
1670854665,1.017,0.104
1670854665,1.018,0.105
1670854665,1.018,0.093
1670854665,1.021,0.097
1670854665,1.015,0.1
1670854665,1.019,0.101
1670854665,1.016,0.106
1670854665,1.015,0.102
1670854665,1.02,0.09
1670854665,1.017,0.104
1670854665,1.019,0.092
1670854666,1.021,0.093
1670854666,1.017,0.097
1670854666,1.021,0.097
1670854666,1.018,0.1
1670854666,1.018,0.096
1670854666,1.022,0.091
1670854666,1.014,0.091
1670854666,1.017,0.096
1670854666,1.021,0.1
1670854666,1.02,0.087
1670854666,1.021,0.09
1670854666,1.019,0.11
1670854666,1.021,0.095
1670854666,1.016,0.106
1670854666,1.018,0.098
1670854666,1.015,0.101
1670854666,1.015,0.1
1670854666,1.019,0.097
1670854666,1.015,0.106
1670854666,1.02,0.097
1670854667,1.019,0.103
1670854667,1.016,0.105
1670854667,1.019,0.1
1670854667,1.018,0.098
1670854667,1.017,0.102
1670854667,1.019,0.104
1670854667,1.019,0.097
1670854667,1.02,0.104
1670854667,1.018,0.101
1670854667,1.021,0.098
1670854667,1.019,0.101
1670854667,1.016,0.1
1670854667,1.016,0.095
1670854667,1.017,0.088
1670854667,1.02,0.099
1670854667,1.016,0.099
1670854667,1.021,0.096
1670854667,1.016,0.097
1670854667,1.019,0.095
1670854667,1.016,0.097
1670854668,1.018,0.096
1670854668,1.021,0.091
1670854668,1.017,0.103
1670854668,1.023,0.096
1670854668,1.017,0.104
1670854668,1.013,0.098
1670854668,1.019,0.099
1670854668,1.017,0.098
1670854668,1.017,0.091
1670854668,1.016,0.101
1670854668,1.02,0.103
1670854668,1.021,0.109
1670854668,1.017,0.094
1670854668,1.018,0.098
1670854668,1.021,0.093
1670854668,1.022,0.1
1670854668,1.02,0.103
1670854668,1.018,0.097
1670854668,1.02,0.102
1670854668,1.017,0.097
1670854669,1.018,0.093
1670854669,1.016,0.089
1670854669,1.016,0.106
1670854669,1.016,0.099
1670854669,1.019,0.104
1670854669,1.019,0.103
1670854669,1.018,0.099
1670854669,1.018,0.104
1670854669,1.018,0.095
1670854669,1.02,0.093
1670854669,1.017,0.096
1670854669,1.019,0.097
1670854669,1.02,0.103
1670854669,1.02,0.098
1670854669,1.018,0.092
1670854669,1.019,0.095
1670854669,1.019,0.105
1670854669,1.018,0.092
1670854669,1.015,0.091
1670854669,1.019,0.095
1670854670,1.019,0.103
1670854670,1.017,0.099
1670854670,1.016,0.096
1670854670,1.015,0.097
1670854670,1.021,0.099
1670854670,1.017,0.091
1670854670,1.019,0.095
1670854670,1.019,0.105
1670854670,1.017,0.098
1670854670,1.016,0.101
1670854670,1.017,0.1
1670854670,1.019,0.103
1670854670,1.017,0.089
1670854670,1.018,0.104
1670854670,1.02,0.091
1670854670,1.014,0.095
1670854670,1.019,0.098
1670854670,1.02,0.102
1670854670,1.02,0.105
1670854670,1.018,0.1
1670854671,1.016,0.096
1670854671,1.017,0.096
1670854671,1.02,0.099
1670854671,1.018,0.086
1670854671,1.016,0.096
1670854671,1.018,0.101
1670854671,1.019,0.092
1670854671,1.013,0.092
1670854671,1.02,0.095
1670854671,1.018,0.097
1670854671,1.016,0.099
1670854671,1.019,0.099
1670854671,1.018,0.093
1670854671,1.016,0.102
1670854671,1.015,0.095
1670854671,1.018,0.107
1670854671,1.015,0.103
1670854671,1.019,0.103
1670854671,1.018,0.099
1670854671,1.019,0.091
1670854672,1.017,0.088
1670854672,1.017,0.093
1670854672,1.019,0.098
1670854672,1.019,0.108
1670854672,1.018,0.098
1670854672,1.015,0.099
1670854672,1.016,0.106
1670854672,1.021,0.085
1670854672,1.018,0.097
1670854672,1.018,0.1
1670854672,1.017,0.096
1670854672,1.018,0.1
1670854672,1.018,0.101
1670854672,1.016,0.105
1670854672,1.019,0.098
1670854672,1.015,0.1
1670854672,1.017,0.095
1670854672,1.015,0.085
1670854672,1.016,0.104
1670854672,1.018,0.095
1670854673,1.016,0.093
1670854673,1.021,0.129
1670854673,1.021,0.111
1670854673,1.014,0.094
1670854673,1.019,0.098
1670854673,1.013,0.088
1670854673,1.021,0.099
1670854673,1.019,0.09
1670854673,1.017,0.071
1670854673,1.018,0.1
1670854673,1.014,0.099
1670854673,1.018,0.087
1670854673,1.013,0.084
1670854673,1.016,0.105
1670854673,1.018,0.103
1670854673,1.017,0.102
1670854673,1.02,0.127
1670854673,1.014,0.074
1670854673,1.02,0.075
1670854673,1.017,0.083
1670854674,1.02,0.121
1670854674,1.02,0.121
1670854674,1.015,0.103
1670854674,1.018,0.123
1670854674,1.016,0.065
1670854674,1.015,0.049
1670854674,1.017,0.05
1670854674,1.012,0.056
1670854674,1.019,0.11
1670854674,1.015,0.155
1670854674,1.019,0.103
1670854674,1.019,0.077
1670854674,1.014,0.041
1670854674,1.017,0.027
1670854674,1.019,0.118
1670854674,1.022,0.137
1670854674,1.016,0.112
1670854674,1.015,0.109
1670854674,1.021,0.076
1670854674,1.022,0.15
1670854675,1.019,0.079
1670854675,1.014,0.043
1670854675,1.017,0.057
1670854675,1.019,0.051
1670854675,1.018,0.102
1670854675,1.019,0.133
1670854675,1.018,0.131
1670854675,1.02,0.05
1670854675,1.012,0.047
1670854675,1.016,0.119
1670854675,1.02,0.094
1670854675,1.017,0.104
1670854675,1.016,0.066
1670854675,1.019,0.11
1670854675,1.019,0.068
1670854675,1.012,0.099
1670854675,1.015,0.078
1670854675,1.016,0.143
1670854675,1.016,0.097
1670854675,1.018,0.113
1670854676,1.016,0.087
1670854676,1.021,0.129
1670854676,1.016,0.05
1670854676,1.018,0.096
1670854676,1.018,0.078
1670854676,1.017,0.073
1670854676,1.02,0.129
1670854676,1.019,0.1
1670854676,1.014,0.065
1670854676,1.018,0.099
1670854676,1.019,0.124
1670854676,1.019,0.081
1670854676,1.015,0.127
1670854676,1.022,0.134
1670854676,1.015,0.131
1670854676,1.016,0.08
1670854676,1.019,0.058
1670854676,1.017,0.074
1670854676,1.021,0.105
1670854676,1.02,0.139
1670854677,1.016,0.058
1670854677,1.018,0.095
1670854677,1.014,0.081
1670854677,1.018,0.053
1670854677,1.015,0.104
1670854677,1.021,0.115
1670854677,1.017,0.099
1670854677,1.017,0.156
1670854677,1.017,0.142
1670854677,1.017,0.038
1670854677,1.016,0.105
1670854677,1.016,0.102
1670854677,1.018,0.058
1670854677,1.015,0.076
1670854677,1.02,0.159
1670854677,1.02,0.131
1670854677,1.017,0.06
1670854677,1.02,0.144
1670854677,1.012,0.098
1670854677,1.013,0.09
1670854678,1.019,0.11
1670854678,1.014,0.049
1670854678,1.02,0.056
1670854678,1.013,0.058
1670854678,1.018,0.08
1670854678,1.014,0.083
1670854678,1.016,0.1
1670854678,1.018,0.108
1670854678,1.018,0.109
1670854678,1.019,0.119
1670854678,1.012,0.023
1670854678,1.018,0.129
1670854678,1.019,0.121
1670854678,1.017,0.105
1670854678,1.016,0.077
1670854678,1.019,0.081
1670854678,1.02,0.113
1670854678,1.014,0.05
1670854678,1.015,0.1
1670854678,1.019,0.112
1670854679,1.017,0.105
1670854679,1.02,0.104
1670854679,1.014,0.083
1670854679,1.014,0.116
1670854679,1.018,0.112
1670854679,1.016,0.103
1670854679,1.018,0.11
1670854679,1.016,0.055
1670854679,1.018,0.084
1670854679,1.011,0.08
1670854679,1.015,0.103
1670854679,1.022,0.083
1670854679,1.017,0.097
1670854679,1.02,0.107
1670854679,1.018,0.099
1670854679,1.013,0.107
1670854679,1.018,0.103
1670854679,1.018,0.092
1670854679,1.018,0.092
1670854679,1.016,0.097
1670854680,1.019,0.082
1670854680,1.016,0.092
1670854680,1.018,0.101
1670854680,1.017,0.098
1670854680,1.018,0.094
1670854680,1.017,0.089
1670854680,1.02,0.097
1670854680,1.018,0.102
1670854680,1.018,0.092
1670854680,1.014,0.095
1670854680,1.019,0.101
1670854680,1.017,0.096
1670854680,1.018,0.101
1670854680,1.019,0.102
1670854680,1.018,0.092
1670854680,1.021,0.093
1670854680,1.017,0.102
1670854680,1.018,0.104
1670854680,1.014,0.093
1670854680,1.014,0.096
1670854681,1.019,0.099
1670854681,1.016,0.105
1670854681,1.019,0.101
1670854681,1.017,0.103
1670854681,1.016,0.092
1670854681,1.019,0.099
1670854681,1.011,0.099
1670854681,1.018,0.1
1670854681,1.018,0.099
1670854681,1.02,0.095
1670854681,1.019,0.091
1670854681,1.019,0.096
1670854681,1.019,0.094
1670854681,1.014,0.094
1670854681,1.018,0.093
1670854681,1.015,0.095
1670854681,1.017,0.093
1670854681,1.018,0.107
1670854681,1.018,0.097
1670854681,1.018,0.092
1670854682,1.018,0.099
1670854682,1.021,0.098
1670854682,1.015,0.099
1670854682,1.018,0.096
1670854682,1.014,0.098
1670854682,1.017,0.102
1670854682,1.022,0.095
1670854682,1.012,0.1
1670854682,1.018,0.091
1670854682,1.019,0.101
1670854682,1.018,0.099
1670854682,1.017,0.092
1670854682,1.018,0.092
1670854682,1.017,0.097
1670854682,1.016,0.094
1670854682,1.018,0.096
1670854682,1.017,0.098
1670854682,1.019,0.091
1670854682,1.016,0.09
1670854682,1.015,0.106
1670854683,1.017,0.097
1670854683,1.017,0.091
1670854683,1.017,0.097
1670854683,1.016,0.092
1670854683,1.018,0.096
1670854683,1.019,0.096
1670854683,1.016,0.104
1670854683,1.019,0.104
1670854683,1.016,0.103
1670854683,1.018,0.09
1670854683,1.02,0.1
1670854683,1.018,0.091
1670854683,1.019,0.099
1670854683,1.019,0.096
1670854683,1.02,0.102
1670854683,1.018,0.101
1670854683,1.016,0.107
1670854683,1.019,0.095
1670854683,1.018,0.097
1670854683,1.019,0.091
1670854684,1.014,0.098
1670854684,1.016,0.098
1670854684,1.014,0.089
1670854684,1.015,0.097
1670854684,1.018,0.088
1670854684,1.016,0.108
1670854684,1.017,0.101
1670854684,1.015,0.05
1670854684,1.016,0.098
1670854684,1.013,0.066
1670854684,1.02,0.134
1670854684,1.02,0.1
1670854684,1.017,0.116
1670854684,1.018,0.074
1670854684,1.019,0.131
1670854684,1.016,0.085
1670854684,1.02,0.125
1670854684,1.013,0.08
1670854684,1.019,0.125
1670854684,1.02,0.092
1670854685,1.016,0.109
1670854685,1.016,0.096
1670854685,1.015,0.094
1670854685,1.017,0.1
1670854685,1.014,0.107
1670854685,1.017,0.098
1670854685,1.014,0.108
1670854685,1.017,0.102
1670854685,1.021,0.104
1670854685,1.016,0.099
1670854685,1.019,0.093
1670854685,1.02,0.091
1670854685,1.016,0.093
1670854685,1.018,0.1
1670854685,1.014,0.099
1670854685,1.019,0.102
1670854685,1.017,0.1
1670854685,1.017,0.094
1670854685,1.015,0.094
1670854685,1.019,0.096
1670854686,1.018,0.094
1670854686,1.015,0.094
1670854686,1.018,0.097
1670854686,1.017,0.099
1670854686,1.014,0.093
1670854686,1.02,0.099
1670854686,1.015,0.089
1670854686,1.017,0.098
1670854686,1.018,0.094
1670854686,1.015,0.098
1670854686,1.016,0.096
1670854686,1.018,0.092
1670854686,1.019,0.098
1670854686,1.014,0.097
1670854686,1.016,0.098
1670854686,1.015,0.095
1670854686,1.017,0.094
1670854686,1.019,0.101
1670854686,1.019,0.09
1670854686,1.021,0.1
1670854687,1.017,0.097
1670854687,1.015,0.092
1670854687,1.016,0.1
1670854687,1.017,0.09
1670854687,1.018,0.093
1670854687,1.016,0.097
1670854687,1.019,0.102
1670854687,1.019,0.097
1670854687,1.019,0.099
1670854687,1.019,0.101
1670854687,1.014,0.12
1670854687,1.019,0.1
1670854687,1.018,0.093
1670854687,1.018,0.098
1670854687,1.016,0.099
1670854687,1.018,0.095
1670854687,1.016,0.095
1670854687,1.015,0.092
1670854687,1.02,0.099
1670854687,1.012,0.094
1670854688,1.018,0.104
1670854688,1.019,0.09
1670854688,1.018,0.098
1670854688,1.016,0.098
1670854688,1.021,0.1
1670854688,1.018,0.094
1670854688,1.014,0.091
1670854688,1.019,0.099
1670854688,1.02,0.1
1670854688,1.015,0.093
1670854688,1.017,0.104
1670854688,1.019,0.097
1670854688,1.019,0.099
1670854688,1.019,0.104
1670854688,1.018,0.099
1670854688,1.017,0.095
1670854688,1.018,0.093
1670854688,1.018,0.103
1670854688,1.02,0.103
1670854688,1.015,0.096
1670854689,1.016,0.096
1670854689,1.016,0.1
1670854689,1.019,0.102
1670854689,1.016,0.09
1670854689,1.018,0.105
1670854689,1.015,0.095
1670854689,1.016,0.092
1670854689,1.019,0.097
1670854689,1.019,0.099
1670854689,1.017,0.115
1670854689,1.016,0.091
1670854689,1.017,0.061
1670854689,1.014,0.08
1670854689,1.016,0.08
1670854689,1.019,0.123
1670854689,1.017,0.077
1670854689,1.015,0.098
1670854689,1.018,0.091
1670854689,1.015,0.12
1670854689,1.016,0.072
1670854690,1.018,0.088
1670854690,1.018,0.097
1670854690,1.018,0.102
1670854690,1.017,0.083
1670854690,1.018,0.083
1670854690,1.016,0.087
1670854690,1.019,0.106
1670854690,1.016,0.104
1670854690,1.021,0.082
1670854690,1.019,0.1
1670854690,1.016,0.091
1670854690,1.026,0.113
1670854690,1.015,0.094
1670854690,1.02,0.124
1670854690,1.021,0.11
1670854690,1.014,0.056
1670854690,1.017,0.088
1670854690,1.019,0.108
1670854690,1.02,0.09
1670854690,1.017,0.075
1670854691,1.019,0.071
1670854691,1.018,0.071
1670854691,1.018,0.11
1670854691,1.022,0.085
1670854691,1.016,0.095
1670854691,1.022,0.117
1670854691,1.02,0.124
1670854691,1.02,0.12
1670854691,1.018,0.033
1670854691,1.017,0.071
1670854691,1.016,0.107
1670854691,1.02,0.153
1670854691,1.019,0.118
1670854691,1.019,0.122
1670854691,1.019,0.099
1670854691,1.02,0.12
1670854691,1.015,0.08
1670854691,1.019,0.039
1670854691,1.013,0.12
1670854691,1.015,0.109
1670854692,1.02,0.128
1670854692,1.012,0.089
1670854692,1.017,0.086
1670854692,1.019,0.14
1670854692,1.018,0.115
1670854692,1.017,0.056
1670854692,1.016,0.057
1670854692,1.025,0.108
1670854692,1.015,0.105
1670854692,1.019,0.115
1670854692,1.015,0.074
1670854692,1.016,0.127
1670854692,1.014,0.055
1670854692,1.02,0.121
1670854692,1.021,0.138
1670854692,1.016,0.095
1670854692,1.02,0.055
1670854692,1.017,0.052
1670854692,1.02,0.099
1670854692,1.022,0.094
1670854693,1.015,0.041
1670854693,1.018,-0.001
1670854693,1.012,-0.002
1670854693,1.016,0.111
1670854693,1.019,0.075
1670854693,1.018,0.194
1670854693,1.017,0.079
1670854693,1.018,0.029
1670854693,1.022,0.172
1670854693,1.02,0.198
1670854693,1.017,0.106
1670854693,1.018,0.096
1670854693,1.014,0.024
1670854693,1.02,0.1
1670854693,1.016,0.133
1670854693,1.016,0.109
1670854693,1.017,0.107
1670854693,1.017,0.096
1670854693,1.019,0.094
1670854693,1.018,0.123
1670854694,1.018,0.017
1670854694,1.015,0.054
1670854694,1.017,0.14
1670854694,1.022,0.187
1670854694,1.013,0.02
1670854694,1.018,0.087
1670854694,1.015,0.127
1670854694,1.017,0.133
1670854694,1.02,0.242
1670854694,1.018,0.067
1670854694,1.022,0.107
1670854694,1.014,0.037
1670854694,1.018,0.084
1670854694,1.018,0.107
1670854694,1.017,0.052
1670854694,1.016,0.099
1670854694,1.015,0.07
1670854694,1.017,0.076
1670854694,1.018,0.12
1670854694,1.019,0.079
1670854695,1.018,0.104
1670854695,1.014,0.076
1670854695,1.018,0.091
1670854695,1.018,0.097
1670854695,1.02,0.124
1670854695,1.019,0.086
1670854695,1.019,0.074
1670854695,1.016,0.086
1670854695,1.02,0.119
1670854695,1.02,0.105
1670854695,1.017,0.051
1670854695,1.02,0.109
1670854695,1.017,0.059
1670854695,1.017,0.074
1670854695,1.017,0.096
1670854695,1.018,0.103
1670854695,1.019,0.118
1670854695,1.019,0.094
1670854695,1.018,0.098
1670854695,1.014,0.085
1670854696,1.021,0.087
1670854696,1.018,0.125
1670854696,1.015,0.096
1670854696,1.017,0.108
1670854696,1.017,0.086
1670854696,1.018,0.093
1670854696,1.019,0.083
1670854696,1.018,0.107
1670854696,1.017,0.095
1670854696,1.017,0.108
1670854696,1.018,0.104
1670854696,1.016,0.094
1670854696,1.017,0.082
1670854696,1.02,0.096
1670854696,1.015,0.096
1670854696,1.017,0.104
1670854696,1.016,0.097
1670854696,1.018,0.096
1670854696,1.02,0.102
1670854696,1.015,0.099
1670854697,1.017,0.094
1670854697,1.017,0.104
1670854697,1.016,0.098
1670854697,1.015,0.096
1670854697,1.018,0.101
1670854697,1.019,0.097
1670854697,1.018,0.097
1670854697,1.017,0.097
1670854697,1.019,0.102
1670854697,1.02,0.096
1670854697,1.017,0.1
1670854697,1.021,0.103
1670854697,1.02,0.1
1670854697,1.018,0.095
1670854697,1.018,0.091
1670854697,1.019,0.102
1670854697,1.016,0.099
1670854697,1.016,0.094
1670854697,1.018,0.099
1670854697,1.017,0.094
1670854698,1.018,0.099
1670854698,1.015,0.081
1670854698,1.019,0.1
1670854698,1.017,0.099
1670854698,1.021,0.101
1670854698,1.018,0.088
1670854698,1.018,0.098
1670854698,1.019,0.089
1670854698,1.016,0.101
1670854698,1.017,0.1
1670854698,1.01,0.088
1670854698,1.019,0.092
1670854698,1.018,0.099
1670854698,1.017,0.092
1670854698,1.02,0.092
1670854698,1.015,0.092
1670854698,1.021,0.095
1670854698,1.018,0.094
1670854698,1.019,0.102
1670854698,1.021,0.098
1670854699,1.018,0.101
1670854699,1.022,0.101
1670854699,1.022,0.096
1670854699,1.019,0.098
1670854699,1.017,0.1
1670854699,1.017,0.094
1670854699,1.017,0.092
1670854699,1.016,0.09
1670854699,1.02,0.097
1670854699,1.019,0.096
1670854699,1.022,0.092
1670854699,1.017,0.097
1670854699,1.018,0.097
1670854699,1.017,0.093
1670854699,1.018,0.093
1670854699,1.019,0.098
1670854699,1.017,0.093
1670854699,1.019,0.095
1670854699,1.019,0.099
1670854699,1.02,0.1
1670854700,1.02,0.1
1670854700,1.017,0.096
1670854700,1.019,0.1
1670854700,1.019,0.099
1670854700,1.016,0.1
1670854700,1.021,0.104
1670854700,1.018,0.1
1670854700,1.02,0.094
1670854700,1.02,0.101
1670854700,1.018,0.095
1670854700,1.02,0.1
1670854700,1.017,0.087
1670854700,1.02,0.097
1670854700,1.016,0.101
1670854700,1.017,0.097
1670854700,1.016,0.095
1670854700,1.015,0.099
1670854700,1.017,0.092
1670854700,1.018,0.091
1670854700,1.021,0.085
1670854701,1.016,0.103
1670854701,1.019,0.093
1670854701,1.016,0.09
1670854701,1.017,0.1
1670854701,1.017,0.094
1670854701,1.018,0.097
1670854701,1.019,0.096
1670854701,1.018,0.096
1670854701,1.02,0.098
1670854701,1.021,0.09
1670854701,1.019,0.09
1670854701,1.016,0.092
1670854701,1.02,0.094
1670854701,1.018,0.104
1670854701,1.015,0.102
1670854701,1.018,0.099
1670854701,1.02,0.099
1670854701,1.017,0.093
1670854701,1.018,0.095
1670854701,1.017,0.092
1670854702,1.017,0.102
1670854702,1.016,0.09
1670854702,1.019,0.102
1670854702,1.02,0.095
1670854702,1.018,0.101
1670854702,1.017,0.092
1670854702,1.018,0.108
1670854702,1.018,0.1
1670854702,1.019,0.092
1670854702,1.018,0.1
1670854702,1.016,0.091
1670854702,1.019,0.099
1670854702,1.015,0.087
1670854702,1.019,0.1
1670854702,1.013,0.099
1670854702,1.022,0.097
1670854702,1.015,0.1
1670854702,1.018,0.094
1670854702,1.018,0.108
1670854702,1.017,0.088
1670854703,1.018,0.096
1670854703,1.017,0.097
1670854703,1.019,0.1
1670854703,1.016,0.093
1670854703,1.018,0.1
1670854703,1.017,0.095
1670854703,1.017,0.092
1670854703,1.017,0.095
1670854703,1.019,0.1
1670854703,1.018,0.1
1670854703,1.018,0.088
1670854703,1.017,0.092
1670854703,1.017,0.092
1670854703,1.016,0.095
1670854703,1.018,0.098
1670854703,1.018,0.095
1670854703,1.019,0.099
1670854703,1.022,0.093
1670854703,1.016,0.089
1670854703,1.021,0.096
1670854704,1.014,0.097
1670854704,1.021,0.105
1670854704,1.021,0.095
1670854704,1.021,0.091
1670854704,1.021,0.095
1670854704,1.016,0.096
1670854704,1.017,0.095
1670854704,1.018,0.091
1670854704,1.021,0.096
1670854704,1.02,0.099
1670854704,1.019,0.093
1670854704,1.02,0.096
1670854704,1.016,0.094
1670854704,1.017,0.094
1670854704,1.018,0.097
1670854704,1.018,0.106
1670854704,1.018,0.095
1670854704,1.019,0.102
1670854704,1.022,0.098
1670854704,1.02,0.109
1670854705,1.022,0.097
1670854705,1.02,0.094
1670854705,1.019,0.1
1670854705,1.016,0.099
1670854705,1.016,0.095
1670854705,1.019,0.099
1670854705,1.019,0.093
1670854705,1.019,0.107
1670854705,1.019,0.096
1670854705,1.016,0.099
1670854705,1.015,0.104
1670854705,1.017,0.1
1670854705,1.017,0.098
1670854705,1.019,0.104
1670854705,1.017,0.101
1670854705,1.02,0.099
1670854705,1.016,0.093
1670854705,1.02,0.108
1670854705,1.02,0.088
1670854705,1.018,0.119
1670854706,1.019,0.087
1670854706,1.02,0.109
1670854706,1.017,0.079
1670854706,1.016,0.101
1670854706,1.02,0.108
1670854706,1.019,0.075
1670854706,1.016,0.121
1670854706,1.021,0.103
1670854706,1.018,0.098
1670854706,1.02,0.083
1670854706,1.015,0.073
1670854706,1.016,0.145
1670854706,1.02,0.11
1670854706,1.016,0.054
1670854706,1.019,0.137
1670854706,1.019,0.101
1670854706,1.022,0.14
1670854706,1.017,0.133
1670854706,1.019,0.093
1670854706,1.019,0.101
1670854707,1.018,0.138
1670854707,1.021,0.068
1670854707,1.019,0.105
1670854707,1.017,0.092
1670854707,1.017,0.116
1670854707,1.017,0.114
1670854707,1.02,0.063
1670854707,1.016,0.094
1670854707,1.021,0.139
1670854707,1.014,0.06
1670854707,1.018,0.087
1670854707,1.017,0.087
1670854707,1.012,0.041
1670854707,1.023,0.077
1670854707,1.016,0.084
1670854707,1.02,0.123
1670854707,1.018,0.09
1670854707,1.018,0.082
1670854707,1.019,0.075
1670854707,1.017,0.069
1670854708,1.02,0.075
1670854708,1.02,0.136
1670854708,1.018,0.112
1670854708,1.02,0.156
1670854708,1.018,0.115
1670854708,1.02,0.117
1670854708,1.017,0.106
1670854708,1.021,0.065
1670854708,1.018,0.053
1670854708,1.016,0.1
1670854708,1.018,0.105
1670854708,1.017,0.137
1670854708,1.016,0.051
1670854708,1.018,0.084
1670854708,1.017,0.13
1670854708,1.019,0.134
1670854708,1.014,0.052
1670854708,1.02,0.049
1670854708,1.014,0.055
1670854708,1.022,0.088
1670854709,1.021,0.161
1670854709,1.016,0.083
1670854709,1.017,0.075
1670854709,1.013,0.026
1670854709,1.021,0.142
1670854709,1.02,0.117
1670854709,1.02,0.131
1670854709,1.017,0.073
1670854709,1.018,0.135
1670854709,1.019,0.131
1670854709,1.015,0.066
1670854709,1.015,0.089
1670854709,1.012,0.01
1670854709,1.019,0.171
1670854709,1.017,0.068
1670854709,1.016,0.067
1670854709,1.019,0.048
1670854709,1.016,0.078
1670854709,1.016,0.15
1670854709,1.017,0.085
1670854710,1.018,0.106
1670854710,1.02,0.097
1670854710,1.019,0.135
1670854710,1.017,0.04
1670854710,1.018,0.086
1670854710,1.019,0.118
1670854710,1.017,0.054
1670854710,1.017,0.137
1670854710,1.02,0.094
1670854710,1.018,0.138
1670854710,1.022,0.087
1670854710,1.016,-0.051
1670854710,1.018,0.112
1670854710,1.016,0.066
1670854710,1.02,0.05
1670854710,1.016,0.07
1670854710,1.021,0.164
1670854710,1.018,0.044
1670854710,1.016,0.067
1670854710,1.017,0.1
1670854711,1.018,0.114
1670854711,1.016,0.096
1670854711,1.019,0.115
1670854711,1.02,0.137
1670854711,1.019,0.099
1670854711,1.018,0.089
1670854711,1.019,0.105
1670854711,1.02,0.079
1670854711,1.015,0.107
1670854711,1.02,0.094
1670854711,1.019,0.082
1670854711,1.016,0.198
1670854711,1.021,0.095
1670854711,1.017,0.097
1670854711,1.02,0.135
1670854711,1.015,0.066
1670854711,1.016,0.14
1670854711,1.019,0.089
1670854711,1.018,0.105
1670854711,1.019,0.102
1670854712,1.016,0.098
1670854712,1.013,0.068
1670854712,1.016,0.099
1670854712,1.015,0.137
1670854712,1.021,0.098
1670854712,1.019,0.094
1670854712,1.022,0.119
1670854712,1.019,0.111
1670854712,1.014,0.101
1670854712,1.018,0.093
1670854712,1.017,0.101
1670854712,1.018,0.083
1670854712,1.018,0.092
1670854712,1.021,0.096
1670854712,1.015,0.122
1670854712,1.018,0.097
1670854712,1.019,0.091
1670854712,1.014,0.098
1670854712,1.02,0.113
1670854712,1.018,0.107
1670854713,1.017,0.101
1670854713,1.022,0.104
1670854713,1.015,0.092
1670854713,1.017,0.095
1670854713,1.018,0.093
1670854713,1.015,0.096
1670854713,1.789,0.095
1670854713,2.456,0.103
1670854713,2.456,0.088
1670854713,2.45,0.098
1670854713,2.458,0.09
1670854713,2.453,0.097
1670854713,2.45,0.098
1670854713,2.452,0.093
1670854713,2.448,0.099
1670854713,2.453,0.094
1670854713,2.459,0.097
1670854713,2.452,0.09
1670854713,2.455,0.095
1670854713,2.451,0.1
1670854714,2.453,0.098
1670854714,2.45,0.099
1670854714,1.22,0.104
1670854714,1.013,0.099
1670854714,1.019,0.107
1670854714,1.019,0.1
1670854714,1.013,7.892
1670854714,1.017,8.218
1670854714,1.018,8.213
1670854714,1.019,8.219
1670854714,1.016,8.224
1670854714,1.019,8.218
1670854714,1.02,8.22
1670854714,1.014,8.217
1670854714,1.022,8.214
1670854714,1.016,8.211
1670854714,1.016,8.221
1670854714,1.018,8.222
1670854714,1.016,8.212
1670854714,1.019,8.215
1670854715,1.018,3.995
1670854715,1.018,0.098
1670854715,1.018,0.092
1670854715,1.017,0.088
1670854715,1.018,0.091
1670854715,1.013,0.094
1670854715,1.106,0.103
1670854715,2.451,0.097
1670854715,2.454,0.109
1670854715,2.454,0.103
1670854715,2.452,0.092
1670854715,2.459,0.101
1670854715,2.453,0.101
1670854715,2.449,0.1
1670854715,2.452,0.098
1670854715,2.456,0.094
1670854715,2.457,0.092
1670854715,2.455,0.087
1670854715,2.457,0.1
1670854715,2.454,0.097
1670854716,2.196,0.095
1670854716,1.018,0.102
1670854716,1.019,0.097
1670854716,1.02,0.087
1670854716,1.014,0.1
1670854716,1.021,0.098
1670854716,1.016,7.893
1670854716,1.018,8.219
1670854716,1.017,8.232
1670854716,1.013,8.229
1670854716,1.018,8.218
1670854716,1.015,8.225
1670854716,1.015,8.218
1670854716,1.016,8.22
1670854716,1.016,8.222
1670854716,1.02,8.228
1670854716,1.017,8.212
1670854716,1.822,8.225
1670854716,2.452,8.223
1670854716,2.451,4.803
1670854717,2.455,0.098
1670854717,2.451,0.098
1670854717,2.455,0.098
1670854717,2.447,0.058
1670854717,2.453,0.096
1670854717,2.452,0.077
1670854717,2.451,0.111
1670854717,2.455,0.134
1670854717,2.453,0.095
1670854717,2.449,0.098
1670854717,1.018,0.092
1670854717,1.019,0.099
1670854717,1.016,0.057
1670854717,1.016,0.138
1670854717,1.017,0.066
1670854717,1.017,0.123
1670854717,1.022,0.406
1670854717,1.018,8.209
1670854717,1.013,8.217
1670854717,1.016,8.221
1670854718,1.019,8.22
1670854718,1.017,8.225
1670854718,1.016,8.214
1670854718,1.019,8.224
1670854718,1.017,8.221
1670854718,1.017,8.227
1670854718,1.023,8.225
1670854718,1.016,6.107
1670854718,1.017,0.092
1670854718,1.015,0.1
1670854718,1.019,0.096
1670854718,1.017,0.101
1670854718,1.021,0.102
1670854718,1.016,0.098
1670854718,1.015,0.102
1670854718,1.019,0.099
1670854718,1.019,0.095
1670854718,1.019,0.088
1670854718,1.021,0.096
1670854718,1.017,0.098
1670854719,1.02,0.094
1670854719,1.017,0.095
1670854719,1.019,0.096
1670854719,1.018,0.106
1670854719,1.016,0.101
1670854719,1.018,0.092
1670854719,1.017,0.092
1670854719,1.017,0.097
1670854719,1.014,0.09
1670854719,1.018,0.101
1670854719,1.03,0.129
1670854719,1.014,0.095
1670854719,1.02,0.096
1670854719,1.017,0.099
1670854719,1.019,0.091
1670854719,1.017,0.087
1670854719,1.017,0.092
1670854719,1.019,0.088
1670854719,1.016,0.099
1670854719,1.018,0.099
1670854720,1.019,0.097
1670854720,1.018,0.094
1670854720,1.022,0.101
1670854720,1.017,0.094
1670854720,1.02,0.099
1670854720,1.017,0.105
1670854720,1.022,0.098
1670854720,1.016,0.105
1670854720,1.018,0.092
1670854720,1.019,0.094
1670854720,1.016,0.082
1670854720,1.017,0.093
1670854720,1.019,0.097
1670854720,1.017,0.101
1670854720,1.018,0.097
1670854720,1.016,0.092
1670854720,1.019,0.097
1670854720,1.017,0.092
1670854720,1.019,0.096
1670854720,1.019,0.094
1670854721,1.016,0.088
1670854721,1.018,0.1
1670854721,1.012,0.094
1670854721,1.016,0.095
1670854721,1.015,0.092
1670854721,1.018,0.09
1670854721,1.023,0.097
1670854721,1.016,0.094
1670854721,1.018,0.096
1670854721,1.018,0.094
1670854721,1.021,0.085
1670854721,1.016,0.1
1670854721,1.018,0.1
1670854721,1.018,0.089
1670854721,1.018,0.092
1670854721,1.022,0.099
1670854721,1.015,0.094
1670854721,1.02,0.091
1670854721,1.022,0.096
1670854721,1.017,0.1
1670854722,1.021,0.093
1670854722,1.018,0.099
1670854722,1.018,0.1
1670854722,1.012,0.096
1670854722,1.018,0.109
1670854722,1.017,0.088
1670854722,1.015,0.11
1670854722,1.02,0.087
1670854722,1.018,0.104
1670854722,1.019,0.099
1670854722,1.016,0.114
1670854722,1.012,0.132
1670854722,1.019,0.1
1670854722,1.02,0.092
1670854722,1.016,0.058
1670854722,1.018,0.12
1670854722,1.017,0.077
1670854722,1.017,0.101
1670854722,1.018,0.127
1670854722,1.023,0.094
1670854723,1.018,0.1
1670854723,1.02,0.14
1670854723,1.019,0.135
1670854723,1.016,0.082
1670854723,1.021,0.128
1670854723,1.018,0.074
1670854723,1.018,0.147
1670854723,1.02,0.082
1670854723,1.019,0.097
1670854723,1.016,0.066
1670854723,1.017,0.101
1670854723,1.019,0.107
1670854723,1.016,0.083
1670854723,1.018,0.11
1670854723,1.017,0.007
1670854723,1.018,0.095
1670854723,1.019,0.119
1670854723,1.017,0.085
1670854723,1.017,0.017
1670854723,1.015,0.05
1670854724,1.019,0.136
1670854724,1.019,0.074
1670854724,1.019,0.136
1670854724,1.016,0.098
1670854724,1.018,0.129
1670854724,1.02,0.169
1670854724,1.018,0.092
1670854724,1.011,0.116
1670854724,1.016,0.11
1670854724,1.015,0.085
1670854724,1.017,0.085
1670854724,1.014,0.054
1670854724,1.02,0.128
1670854724,1.019,0.118
1670854724,1.017,0.111
1670854724,1.017,0.061
1670854724,1.016,0.102
1670854724,1.023,0.105
1670854724,1.013,0.096
1670854724,1.018,0.133
1670854725,1.017,0.1
1670854725,1.014,0.08
1670854725,1.016,0.075
1670854725,1.015,0.107
1670854725,1.021,0.128
1670854725,1.015,0.031
1670854725,1.015,0.019
1670854725,1.016,0.087
1670854725,1.015,0.076
1670854725,1.017,0.101
1670854725,1.015,0.111
1670854725,1.017,0.055
1670854725,1.019,0.133
1670854725,1.015,0.112
1670854725,1.018,0.094
1670854725,1.017,0.128
1670854725,1.014,0.077
1670854725,1.015,0.074
1670854725,1.021,0.106
1670854725,1.021,0.143
1670854726,1.018,0.112
1670854726,1.021,0.128
1670854726,1.01,-0.032
1670854726,1.018,0.049
1670854726,1.017,0.082
1670854726,1.02,0.113
1670854726,1.023,0.101
1670854726,1.018,0.127
1670854726,1.022,0.18
1670854726,1.019,0.152
1670854726,1.02,0.152
1670854726,1.017,0.134
1670854726,1.018,0.099
1670854726,1.017,0.12
1670854726,1.016,0.114
1670854726,1.021,0.135
1670854726,1.02,0.147
1670854726,1.015,0.096
1670854726,1.02,0.07
1670854726,1.02,0.124
1670854727,1.018,0.203
1670854727,1.019,0.077
1670854727,1.019,0.124
1670854727,1.023,0.171
1670854727,1.018,0.121
1670854727,1.02,0.066
1670854727,1.019,0.105
1670854727,1.017,0.092
1670854727,1.018,0.123
1670854727,1.017,0.089
1670854727,1.022,0.181
1670854727,1.015,0.059
1670854727,1.021,0.112
1670854727,1.017,0.101
1670854727,1.018,0.094
1670854727,1.017,0.124
1670854727,1.016,0.109
1670854727,1.019,0.09
1670854727,1.017,0.156
1670854727,1.021,0.126
1670854728,1.019,0.126
1670854728,1.02,0.097
1670854728,1.019,0.095
1670854728,1.019,0.133
1670854728,1.018,0.107
1670854728,1.017,0.095
1670854728,1.019,0.13
1670854728,1.02,0.083
1670854728,1.018,0.127
1670854728,1.014,0.063
1670854728,1.019,0.071
1670854728,1.019,0.097
1670854728,1.019,0.084
1670854728,1.019,0.128
1670854728,1.02,0.081
1670854728,1.015,0.071
1670854728,1.02,0.125
1670854728,1.017,0.093
1670854728,1.022,0.073
1670854728,1.016,0.089
1670854729,1.015,0.099
1670854729,1.02,0.089
1670854729,1.018,0.115
1670854729,1.017,0.107
1670854729,1.015,0.106
1670854729,1.017,0.099
1670854729,1.016,0.088
1670854729,1.015,0.092
1670854729,1.018,0.105
1670854729,1.016,0.097
1670854729,1.018,0.097
1670854729,1.021,0.087
1670854729,1.015,0.086
1670854729,1.018,0.1
1670854729,1.017,0.102
1670854729,1.022,0.095
1670854729,1.016,0.1
1670854729,1.02,0.098
1670854729,1.018,0.096
1670854729,1.02,0.088
1670854730,1.02,0.095
1670854730,1.019,0.094
1670854730,1.018,0.087
1670854730,1.017,0.092
1670854730,1.019,0.092
1670854730,1.015,0.102
1670854730,1.018,0.095
1670854730,1.02,0.094
1670854730,1.019,0.093
1670854730,1.019,0.102
1670854730,1.019,0.072
1670854730,1.015,0.097
1670854730,1.015,0.095
1670854730,1.016,0.096
1670854730,1.02,0.098
1670854730,1.017,0.094
1670854730,1.016,0.102
1670854730,1.019,0.101
1670854730,1.014,0.103
1670854730,1.018,0.094
1670854731,1.019,0.1
1670854731,1.019,0.1
1670854731,1.017,0.105
1670854731,1.016,0.109
1670854731,1.015,0.093
1670854731,1.018,0.097
1670854731,1.019,0.1
1670854731,1.017,0.099
1670854731,1.016,0.098
1670854731,1.021,0.093
1670854731,1.018,0.1
1670854731,1.016,0.095
1670854731,1.016,0.106
1670854731,1.015,0.093
1670854731,1.019,0.1
1670854731,1.018,0.1
1670854731,1.018,0.094
1670854731,1.014,0.086
1670854731,1.021,0.098
1670854731,1.015,0.098
1670854732,1.018,0.091
1670854732,1.018,0.092
1670854732,1.014,0.104
1670854732,1.015,0.1
1670854732,1.016,0.095
1670854732,1.013,0.102
1670854732,1.016,0.106
1670854732,1.021,0.096
1670854732,1.019,0.099
1670854732,1.016,0.094
1670854732,1.018,0.093
1670854732,1.02,0.104
1670854732,1.016,0.098
1670854732,1.02,0.099
1670854732,1.016,0.094
1670854732,1.018,0.099
1670854732,1.019,0.097
1670854732,1.019,0.096
1670854732,1.016,0.093
1670854732,1.018,0.099
1670854733,1.016,0.092
1670854733,1.016,0.094
1670854733,1.015,0.1
1670854733,1.016,0.096
1670854733,1.019,0.094
1670854733,1.017,0.095
1670854733,1.018,0.093
1670854733,1.019,0.104
1670854733,1.016,0.097
1670854733,1.016,0.094
1670854733,1.017,0.095
1670854733,1.016,0.097
1670854733,1.022,0.101
1670854733,1.021,0.095
1670854733,1.02,0.098
1670854733,1.017,0.101
1670854733,1.017,0.089
1670854733,1.018,0.104
1670854733,1.016,0.088
1670854733,1.02,0.097
1670854734,1.014,0.089
1670854734,1.017,0.094
1670854734,1.016,0.089
1670854734,1.016,0.102
1670854734,1.016,0.095
1670854734,1.016,0.085
1670854734,1.016,0.098
1670854734,1.019,0.099
1670854734,1.017,0.103
1670854734,1.017,0.092
1670854734,1.018,0.086
1670854734,1.02,0.096
1670854734,1.019,0.095
1670854734,1.02,0.099
1670854734,1.016,0.09
1670854734,1.017,0.095
1670854734,1.02,0.095
1670854734,1.016,0.099
1670854734,1.016,0.093
1670854734,1.016,0.087
1670854735,1.019,0.1
1670854735,1.018,0.109
1670854735,1.016,0.098
1670854735,1.017,0.1
1670854735,1.018,0.092
1670854735,1.016,0.101
1670854735,1.016,0.1
1670854735,1.02,0.095
1670854735,1.015,0.095
1670854735,1.018,0.099
1670854735,1.017,0.096
1670854735,1.019,0.095
1670854735,1.019,0.087
1670854735,1.02,0.093
1670854735,1.016,0.089
1670854735,1.018,0.105
1670854735,1.016,0.099
1670854735,1.017,0.096
1670854735,1.017,0.099
1670854735,1.017,0.095
1670854736,1.02,0.098
1670854736,1.017,0.087
1670854736,1.021,0.093
1670854736,1.016,0.096
1670854736,1.019,0.097
1670854736,1.017,0.098
1670854736,1.019,0.101
1670854736,1.019,0.085
1670854736,1.017,0.097
1670854736,1.017,0.102
1670854736,1.017,0.095
1670854736,1.017,0.1
1670854736,1.018,0.104
1670854736,1.016,0.087
1670854736,1.017,0.094
1670854736,1.016,0.093
1670854736,1.018,0.095
1670854736,1.015,0.094
1670854736,1.016,0.097
1670854736,1.021,0.097
1670854737,1.017,0.093
1670854737,1.018,0.094
1670854737,1.015,0.097
1670854737,1.018,0.101
1670854737,1.019,0.1
1670854737,1.017,0.095
1670854737,1.02,0.095
1670854737,1.013,0.102
1670854737,1.02,0.091
1670854737,1.015,0.101
1670854737,1.016,0.103
1670854737,1.019,0.094
1670854737,1.017,0.092
1670854737,1.02,0.091
1670854737,1.017,0.095
1670854737,1.019,0.088
1670854737,1.016,0.099
1670854737,1.016,0.098
1670854737,1.018,0.095
1670854737,1.014,0.096
1670854738,1.019,0.099
1670854738,1.018,0.09
1670854738,1.019,0.102
1670854738,1.015,0.1
1670854738,1.016,0.099
1670854738,1.019,0.09
1670854738,1.015,0.092
1670854738,1.019,0.102
1670854738,1.017,0.103
1670854738,1.019,0.098
1670854738,1.017,0.079
1670854738,1.013,0.089
1670854738,1.02,0.108
1670854738,1.017,0.099
1670854738,1.019,0.096
1670854738,1.018,0.094
1670854738,1.015,0.097
1670854738,1.014,0.11
1670854738,1.016,0.081
1670854738,1.019,0.097
1670854739,1.017,0.098
1670854739,1.014,0.095
1670854739,1.017,0.111
1670854739,1.018,0.119
1670854739,1.018,0.113
1670854739,1.015,0.124
1670854739,1.016,0.103
1670854739,1.018,0.12
