,Channel A Last (V),Channel B Last (V)
1670841867,1.025,0.106
1670841867,1.024,0.104
1670841867,1.023,0.1
1670841868,1.021,0.107
1670841868,1.022,0.105
1670841868,1.024,0.102
1670841868,1.022,0.104
1670841868,1.023,0.105
1670841868,1.024,0.108
1670841868,1.02,0.106
1670841868,1.02,0.107
1670841868,1.025,0.101
1670841868,1.021,0.099
1670841868,1.02,0.094
1670841868,1.025,0.106
1670841868,1.022,0.104
1670841868,1.025,0.1
1670841868,1.024,0.108
1670841868,1.025,0.097
1670841868,1.024,0.11
1670841868,1.025,0.108
1670841868,1.023,0.105
1670841868,1.021,0.1
1670841869,1.026,0.108
1670841869,1.024,0.107
1670841869,1.023,0.102
1670841869,1.025,0.106
1670841869,1.024,0.111
1670841869,1.025,0.1
1670841869,1.026,0.114
1670841869,1.023,0.102
1670841869,1.024,0.097
1670841869,1.021,0.095
1670841869,1.022,0.093
1670841869,1.02,0.1
1670841869,1.022,0.106
1670841869,1.021,0.102
1670841869,1.023,0.1
1670841869,1.022,0.11
1670841869,1.023,0.1
1670841869,1.022,0.103
1670841869,1.024,0.102
1670841869,1.026,0.106
1670841870,1.023,0.106
1670841870,1.021,0.106
1670841870,1.024,0.103
1670841870,1.023,0.109
1670841870,1.02,0.102
1670841870,1.027,0.102
1670841870,1.02,0.105
1670841870,1.025,0.103
1670841870,1.021,0.097
1670841870,1.022,0.103
1670841870,1.022,0.104
1670841870,1.02,0.097
1670841870,1.022,0.097
1670841870,1.02,0.102
1670841870,1.023,0.096
1670841870,1.021,0.103
1670841870,1.021,0.095
1670841870,1.02,0.104
1670841870,1.022,0.096
1670841870,1.026,0.098
1670841871,1.023,0.098
1670841871,1.021,0.102
1670841871,1.024,0.102
1670841871,1.018,0.102
1670841871,1.021,0.101
1670841871,1.023,0.104
1670841871,1.021,0.098
1670841871,1.024,0.092
1670841871,1.019,0.099
1670841871,1.021,0.097
1670841871,1.022,0.109
1670841871,1.027,0.115
1670841871,1.022,0.095
1670841871,1.022,0.107
1670841871,1.024,0.11
1670841871,1.019,0.104
1670841871,1.022,0.104
1670841871,1.025,0.102
1670841871,1.022,0.101
1670841871,1.02,0.093
1670841872,1.02,0.1
1670841872,1.021,0.101
1670841872,1.023,0.094
1670841872,1.023,0.105
1670841872,1.022,0.102
1670841872,1.02,0.108
1670841872,1.02,0.103
1670841872,1.021,0.102
1670841872,1.022,0.106
1670841872,1.02,0.098
1670841872,1.021,0.1
1670841872,1.018,0.11
1670841872,1.023,0.101
1670841872,1.019,0.11
1670841872,1.021,0.099
1670841872,1.02,0.102
1670841872,1.02,0.097
1670841872,1.021,0.1
1670841872,1.023,0.101
1670841872,1.023,0.097
1670841873,1.021,0.108
1670841873,1.02,0.107
1670841873,1.023,0.103
1670841873,1.023,0.095
1670841873,1.02,0.112
1670841873,1.022,0.095
1670841873,1.021,0.1
1670841873,1.018,0.103
1670841873,1.022,0.094
1670841873,1.021,0.098
1670841873,1.021,0.099
1670841873,1.02,0.098
1670841873,1.027,0.104
1670841873,1.023,0.102
1670841873,1.021,0.099
1670841873,1.022,0.1
1670841873,1.022,0.097
1670841873,1.021,0.107
1670841873,1.023,0.104
1670841873,1.022,0.103
1670841874,1.025,0.11
1670841874,1.021,0.106
1670841874,1.023,0.101
1670841874,1.021,0.097
1670841874,1.021,0.107
1670841874,1.023,0.1
1670841874,1.021,0.103
1670841874,1.024,0.103
1670841874,1.023,0.105
1670841874,1.022,0.1
1670841874,1.023,0.102
1670841874,1.021,0.104
1670841874,1.022,0.107
1670841874,1.021,0.109
1670841874,1.019,0.098
1670841874,1.022,0.1
1670841874,1.023,0.11
1670841874,1.021,0.103
1670841874,1.021,0.109
1670841874,1.021,0.094
1670841875,1.023,0.098
1670841875,1.022,0.096
1670841875,1.021,0.101
1670841875,1.021,0.102
1670841875,1.02,0.102
1670841875,1.024,0.098
1670841875,1.023,0.105
1670841875,1.022,0.107
1670841875,1.023,0.099
1670841875,1.023,0.094
1670841875,1.019,0.097
1670841875,1.027,0.1
1670841875,1.023,0.108
1670841875,1.025,0.122
1670841875,1.021,0.101
1670841875,1.022,0.102
1670841875,1.023,0.101
1670841875,1.02,0.097
1670841875,1.025,0.102
1670841875,1.022,0.104
1670841876,1.022,0.106
1670841876,1.021,0.104
1670841876,1.023,0.1
1670841876,1.023,0.101
1670841876,1.024,0.112
1670841876,1.023,0.096
1670841876,1.022,0.106
1670841876,1.022,0.1
1670841876,1.015,0.1
1670841876,1.021,0.095
1670841876,1.021,0.1
1670841876,1.022,0.102
1670841876,1.022,0.1
1670841876,1.019,0.108
1670841876,1.022,0.1
1670841876,1.022,0.102
1670841876,1.026,0.103
1670841876,1.024,0.098
1670841876,1.022,0.108
1670841876,1.019,0.101
1670841877,1.021,0.104
1670841877,1.024,0.105
1670841877,1.021,0.098
1670841877,1.021,0.094
1670841877,1.022,0.097
1670841877,1.025,0.1
1670841877,1.022,0.104
1670841877,1.021,0.097
1670841877,1.022,0.093
1670841877,1.019,0.099
1670841877,1.02,0.102
1670841877,1.019,0.111
1670841877,1.019,0.097
1670841877,1.023,0.106
1670841877,1.026,0.109
1670841877,1.021,0.103
1670841877,1.02,0.1
1670841877,1.021,0.098
1670841877,1.02,0.103
1670841877,1.023,0.095
1670841878,1.02,0.107
1670841878,1.025,0.096
1670841878,1.024,0.101
1670841878,1.022,0.1
1670841878,1.02,0.093
1670841878,1.019,0.105
1670841878,1.021,0.098
1670841878,1.019,0.1
1670841878,1.022,0.108
1670841878,1.024,0.098
1670841878,1.02,0.093
1670841878,1.019,0.11
1670841878,1.021,0.109
1670841878,1.024,0.107
1670841878,1.023,0.101
1670841878,1.022,0.102
1670841878,1.022,0.108
1670841878,1.02,0.089
1670841878,1.024,0.108
1670841878,1.021,0.104
1670841879,1.021,0.097
1670841879,1.021,0.103
1670841879,1.022,0.107
1670841879,1.024,0.099
1670841879,1.025,0.106
1670841879,1.02,0.097
1670841879,1.025,0.106
1670841879,1.019,0.109
1670841879,1.023,0.104
1670841879,1.023,0.1
1670841879,1.024,0.105
1670841879,1.024,0.109
1670841879,1.025,0.113
1670841879,1.022,0.105
1670841879,1.019,0.107
1670841879,1.025,0.101
1670841879,1.023,0.096
1670841879,1.023,0.103
1670841879,1.023,0.099
1670841879,1.022,0.101
1670841880,1.022,0.1
1670841880,1.024,0.111
1670841880,1.024,0.106
1670841880,1.024,0.1
1670841880,1.026,0.102
1670841880,1.023,0.105
1670841880,1.024,0.105
1670841880,1.023,0.104
1670841880,1.023,0.099
1670841880,1.026,0.105
1670841880,1.021,0.071
1670841880,1.023,0.126
1670841880,1.022,0.101
1670841880,1.022,0.118
1670841880,1.024,0.094
1670841880,1.018,0.106
1670841880,1.024,0.128
1670841880,1.024,0.107
1670841880,1.024,0.111
1670841880,1.023,0.123
1670841881,1.022,0.101
1670841881,1.018,0.089
1670841881,1.022,0.108
1670841881,1.021,0.126
1670841881,1.023,0.112
1670841881,1.023,0.104
1670841881,1.019,0.103
1670841881,1.021,0.104
1670841881,1.021,0.119
1670841881,1.021,0.117
1670841881,1.026,0.115
1670841881,1.025,0.09
1670841881,1.02,0.1
1670841881,1.024,0.121
1670841881,1.022,0.097
1670841881,1.024,0.072
1670841881,1.024,0.116
1670841881,1.022,0.102
1670841881,1.023,0.114
1670841881,1.022,0.126
1670841882,1.02,0.117
1670841882,1.021,0.087
1670841882,1.022,0.085
1670841882,1.024,0.096
1670841882,1.02,0.081
1670841882,1.021,0.1
1670841882,1.019,0.088
1670841882,1.022,0.103
1670841882,1.021,0.08
1670841882,1.023,0.13
1670841882,1.02,0.055
1670841882,1.022,0.141
1670841882,1.026,0.079
1670841882,1.021,0.053
1670841882,1.021,0.093
1670841882,1.021,0.098
1670841882,1.021,0.077
1670841882,1.022,0.117
1670841882,1.021,0.086
1670841882,1.023,0.089
1670841883,1.022,0.059
1670841883,1.023,0.092
1670841883,1.02,0.136
1670841883,1.021,0.153
1670841883,1.02,0.126
1670841883,1.022,0.117
1670841883,1.021,0.058
1670841883,1.02,0.105
1670841883,1.022,0.115
1670841883,1.02,0.072
1670841883,1.025,0.066
1670841883,1.019,0.105
1670841883,1.02,0.056
1670841883,1.021,0.157
1670841883,1.022,0.109
1670841883,1.024,0.085
1670841883,1.024,0.09
1670841883,1.025,0.073
1670841883,1.028,0.157
1670841883,1.023,0.073
1670841884,1.023,0.094
1670841884,1.023,0.096
1670841884,1.021,0.085
1670841884,1.023,0.136
1670841884,1.026,0.135
1670841884,1.02,0.058
1670841884,1.025,0.094
1670841884,1.022,0.035
1670841884,1.024,0.09
1670841884,1.023,0.152
1670841884,1.026,0.112
1670841884,1.024,0.089
1670841884,1.018,0.026
1670841884,1.024,0.101
1670841884,1.022,0.068
1670841884,1.024,0.128
1670841884,1.026,0.11
1670841884,1.026,0.105
1670841884,1.025,0.112
1670841884,1.022,0.108
1670841885,1.023,0.078
1670841885,1.023,0.089
1670841885,1.025,0.129
1670841885,1.024,0.104
1670841885,1.025,0.09
1670841885,1.026,0.125
1670841885,1.027,0.141
1670841885,1.024,0.09
1670841885,1.024,0.127
1670841885,1.022,0.09
1670841885,1.026,0.146
1670841885,1.022,0.099
1670841885,1.021,0.072
1670841885,1.023,0.131
1670841885,1.023,0.136
1670841885,1.024,0.147
1670841885,1.022,0.091
1670841885,1.024,0.067
1670841885,1.022,0.103
1670841885,1.022,0.129
1670841886,1.026,0.139
1670841886,1.025,0.082
1670841886,1.027,0.197
1670841886,1.026,0.105
1670841886,1.024,0.118
1670841886,1.022,0.129
1670841886,1.027,0.124
1670841886,1.023,0.102
1670841886,1.023,0.146
1670841886,1.022,0.137
1670841886,1.023,0.078
1670841886,1.023,0.133
1670841886,1.023,0.071
1670841886,1.026,0.242
1670841886,1.021,0.088
1670841886,1.02,0.114
1670841886,1.022,0.094
1670841886,1.017,0.062
1670841886,1.022,0.093
1670841886,1.022,0.083
1670841887,1.026,0.161
1670841887,1.023,0.133
1670841887,1.021,0.093
1670841887,1.022,0.097
1670841887,1.024,0.124
1670841887,1.023,0.107
1670841887,1.024,0.14
1670841887,1.023,0.125
1670841887,1.023,0.07
1670841887,1.025,0.119
1670841887,1.025,0.115
1670841887,1.024,0.099
1670841887,1.023,0.101
1670841887,1.024,0.101
1670841887,1.02,0.097
1670841887,1.026,0.132
1670841887,1.021,0.088
1670841887,1.025,0.105
1670841887,1.024,0.1
1670841887,1.023,0.088
1670841888,1.022,0.103
1670841888,1.022,0.091
1670841888,1.024,0.117
1670841888,1.021,0.11
1670841888,1.023,0.103
1670841888,1.022,0.096
1670841888,1.024,0.102
1670841888,1.023,0.099
1670841888,1.023,0.104
1670841888,1.026,0.1
1670841888,1.022,0.113
1670841888,1.021,0.101
1670841888,1.025,0.106
1670841888,1.025,0.109
1670841888,1.023,0.107
1670841888,1.02,0.095
1670841888,1.022,0.103
1670841888,1.021,0.107
1670841888,1.024,0.105
1670841888,1.022,0.104
1670841889,1.022,0.108
1670841889,1.021,0.1
1670841889,1.022,0.109
1670841889,1.019,0.099
1670841889,1.023,0.107
1670841889,1.025,0.108
1670841889,1.021,0.111
1670841889,1.021,0.106
1670841889,1.021,0.107
1670841889,1.021,0.105
1670841889,1.021,0.104
1670841889,1.024,0.097
1670841889,1.025,0.106
1670841889,1.02,0.094
1670841889,1.025,0.098
1670841889,1.025,0.1
1670841889,1.022,0.101
1670841889,1.023,0.099
1670841889,1.021,0.105
1670841889,1.022,0.106
1670841890,1.023,0.11
1670841890,1.023,0.101
1670841890,1.023,0.102
1670841890,1.023,0.105
1670841890,1.023,0.105
1670841890,1.023,0.103
1670841890,1.024,0.099
1670841890,1.023,0.104
1670841890,1.021,0.11
1670841890,1.021,0.103
1670841890,1.028,0.12
1670841890,1.019,0.105
1670841890,1.023,0.099
1670841890,1.022,0.101
1670841890,1.024,0.103
1670841890,1.021,0.102
1670841890,1.022,0.101
1670841890,1.022,0.101
1670841890,1.022,0.1
1670841890,2.43,0.1
1670841891,2.457,0.098
1670841891,2.456,0.101
1670841891,2.46,0.102
1670841891,2.456,0.095
1670841891,2.459,0.104
1670841891,2.459,0.1
1670841891,2.459,0.103
1670841891,2.461,0.103
1670841891,2.457,0.098
1670841891,2.459,0.097
1670841891,2.459,0.105
1670841891,2.46,0.102
1670841891,2.456,0.1
1670841891,1.482,0.102
1670841891,1.021,0.101
1670841891,1.022,0.101
1670841891,1.024,0.098
1670841891,1.021,0.106
1670841891,1.022,4.653
1670841891,1.021,8.227
1670841892,1.019,8.229
1670841892,1.019,8.228
1670841892,1.024,8.226
1670841892,1.02,8.239
1670841892,1.022,8.228
1670841892,1.021,8.238
1670841892,1.022,8.227
1670841892,1.02,8.232
1670841892,1.018,8.227
1670841892,1.019,8.229
1670841892,1.019,8.231
1670841892,1.025,8.245
1670841892,1.018,0.101
1670841892,1.022,0.098
1670841892,1.026,0.103
1670841892,1.02,0.109
1670841892,1.022,0.104
1670841892,1.022,0.11
1670841892,1.023,0.103
1670841892,1.022,0.094
1670841893,1.023,0.109
1670841893,1.022,0.1
1670841893,1.023,0.091
1670841893,1.025,0.117
1670841893,1.023,0.1
1670841893,1.022,0.148
1670841893,1.024,0.105
1670841893,1.022,0.103
1670841893,1.024,0.098
1670841893,1.022,0.12
1670841893,1.024,0.109
1670841893,1.028,0.117
1670841893,1.021,0.1
1670841893,1.825,0.11
1670841893,2.459,0.103
1670841893,2.459,0.101
1670841893,2.459,0.095
1670841893,2.458,0.114
1670841893,2.458,0.108
1670841893,2.459,0.106
1670841894,2.46,0.103
1670841894,2.458,0.103
1670841894,2.457,0.098
1670841894,2.459,0.102
1670841894,2.463,0.11
1670841894,2.46,0.104
1670841894,2.457,0.114
1670841894,2.458,0.099
1670841894,2.458,0.109
1670841894,1.193,0.098
1670841894,1.024,0.106
1670841894,1.022,0.1
1670841894,1.022,0.116
1670841894,1.02,8.229
1670841894,1.019,8.236
1670841894,1.02,8.229
1670841894,1.02,8.225
1670841894,1.022,8.23
1670841894,1.02,8.225
1670841894,1.019,8.225
1670841895,1.021,8.233
1670841895,1.021,8.22
1670841895,1.021,8.232
1670841895,1.018,8.238
1670841895,1.023,8.233
1670841895,1.025,8.222
1670841895,1.021,8.234
1670841895,1.021,2.381
1670841895,1.025,0.111
1670841895,1.02,0.103
1670841895,1.076,0.099
1670841895,2.457,0.101
1670841895,2.46,0.101
1670841895,2.46,0.102
1670841895,2.458,0.1
1670841895,2.46,0.102
1670841895,2.458,0.103
1670841895,2.454,0.109
1670841895,2.456,0.102
1670841895,2.456,0.106
1670841896,2.456,0.104
1670841896,2.458,0.097
1670841896,2.46,0.102
1670841896,2.455,0.098
1670841896,2.458,0.1
1670841896,2.46,0.097
1670841896,1.683,0.1
1670841896,1.021,0.093
1670841896,1.022,0.104
1670841896,1.021,0.1
1670841896,1.019,6.115
1670841896,1.02,8.225
1670841896,1.019,8.221
1670841896,1.023,8.224
1670841896,1.019,8.239
1670841896,1.022,8.229
1670841896,1.021,8.24
1670841896,1.02,8.227
1670841896,1.023,8.228
1670841896,1.023,8.23
1670841897,1.021,8.239
1670841897,1.022,8.23
1670841897,1.019,8.239
1670841897,1.02,8.24
1670841897,1.024,8.231
1670841897,2.37,0.912
1670841897,2.46,0.101
1670841897,2.455,0.094
1670841897,2.457,0.101
1670841897,2.458,0.095
1670841897,2.456,0.103
1670841897,2.457,0.096
1670841897,2.457,0.102
1670841897,2.457,0.107
1670841897,2.455,0.104
1670841897,2.457,0.1
1670841897,2.458,0.101
1670841897,2.46,0.099
1670841897,2.458,0.105
1670841897,2.458,0.101
1670841898,2.458,0.103
1670841898,1.828,0.095
1670841898,1.021,0.105
1670841898,1.02,0.112
1670841898,1.019,4.484
1670841898,1.017,8.231
1670841898,1.02,8.232
1670841898,1.02,8.235
1670841898,1.02,8.219
1670841898,1.021,8.225
1670841898,1.022,8.227
1670841898,1.022,8.226
1670841898,1.022,8.231
1670841898,1.023,8.229
1670841898,1.026,8.266
1670841898,1.021,8.218
1670841898,1.026,8.234
1670841898,1.02,8.226
1670841898,1.019,8.227
1670841898,1.02,8.23
1670841899,1.024,3.061
1670841899,1.022,0.064
1670841899,1.022,0.1
1670841899,1.021,0.126
1670841899,1.023,0.128
1670841899,1.022,0.119
1670841899,1.021,0.089
1670841899,1.02,0.073
1670841899,1.021,0.068
1670841899,1.018,0.089
1670841899,1.021,0.114
1670841899,1.028,0.111
1670841899,1.02,0.079
1670841899,1.02,0.106
1670841899,1.021,0.137
1670841899,1.023,0.13
1670841899,1.024,0.113
1670841899,1.019,0.081
1670841899,1.022,0.11
1670841899,1.022,0.1
1670841900,1.024,0.115
1670841900,1.024,0.145
1670841900,1.024,0.145
1670841900,1.021,0.111
1670841900,1.02,0.115
1670841900,1.021,0.078
1670841900,1.023,0.101
1670841900,1.024,0.099
1670841900,1.022,0.092
1670841900,1.026,0.128
1670841900,1.023,0.102
1670841900,1.018,0.07
1670841900,1.021,0.069
1670841900,1.025,0.135
1670841900,1.021,0.045
1670841900,1.022,0.115
1670841900,1.022,0.119
1670841900,1.026,0.097
1670841900,1.018,0.106
1670841900,1.022,0.091
1670841901,1.019,0.073
1670841901,1.019,0.087
1670841901,1.02,0.097
1670841901,1.018,0.071
1670841901,1.023,0.119
1670841901,1.025,0.078
1670841901,1.026,0.115
1670841901,1.021,0.091
1670841901,1.023,0.08
1670841901,1.023,0.109
1670841901,1.02,0.106
1670841901,1.02,0.122
1670841901,1.024,0.176
1670841901,1.021,0.075
1670841901,1.022,0.072
1670841901,1.023,0.098
1670841901,1.021,0.112
1670841901,1.022,0.106
1670841901,1.023,0.141
1670841901,1.021,0.124
1670841902,1.021,0.093
1670841902,1.021,0.076
1670841902,1.023,0.098
1670841902,1.024,0.115
1670841902,1.018,0.086
1670841902,1.019,0.1
1670841902,1.019,0.077
1670841902,1.022,0.058
1670841902,1.018,0.128
1670841902,1.023,0.065
1670841902,1.025,0.16
1670841902,1.018,0.053
1670841902,1.023,0.126
1670841902,1.022,0.09
1670841902,1.021,0.02
1670841902,1.021,0.091
1670841902,1.02,0.055
1670841902,1.024,0.125
1670841902,1.018,0.038
1670841902,1.024,0.101
1670841903,1.024,0.153
1670841903,1.019,0.071
1670841903,1.023,0.099
1670841903,1.025,0.164
1670841903,1.025,0.143
1670841903,1.023,0.049
1670841903,1.02,0.071
1670841903,1.021,0.068
1670841903,1.019,0.085
1670841903,1.019,0.09
1670841903,1.022,0.121
1670841903,1.025,0.132
1670841903,1.022,0.115
1670841903,1.022,0.096
1670841903,1.022,0.116
1670841903,1.023,0.125
1670841903,1.019,0.091
1670841903,1.025,0.113
1670841903,1.019,0.057
1670841903,1.02,0.079
1670841904,1.025,0.119
1670841904,1.022,0.129
1670841904,1.023,0.084
1670841904,1.021,0.095
1670841904,1.017,0.092
1670841904,1.021,0.09
1670841904,1.02,0.079
1670841904,1.02,0.08
1670841904,1.024,0.121
1670841904,1.02,0.101
1670841904,1.021,0.11
1670841904,1.018,0.103
1670841904,1.018,0.097
1670841904,1.021,0.099
1670841904,1.022,0.091
1670841904,1.019,0.105
1670841904,1.023,0.115
1670841904,1.019,0.097
1670841904,1.02,0.086
1670841904,1.021,0.129
1670841905,1.021,0.096
1670841905,1.022,0.103
1670841905,1.021,0.07
1670841905,1.023,0.103
1670841905,1.022,0.106
1670841905,1.022,0.091
1670841905,1.021,0.105
1670841905,1.024,0.099
1670841905,1.023,0.104
1670841905,1.021,0.099
1670841905,1.025,0.1
1670841905,1.02,0.105
1670841905,1.021,0.094
1670841905,1.021,0.102
1670841905,1.021,0.106
1670841905,1.021,0.104
1670841905,1.024,0.098
1670841905,1.021,0.112
1670841905,1.02,0.107
1670841905,1.017,0.098
1670841906,1.021,0.103
1670841906,1.021,0.103
1670841906,1.022,0.108
1670841906,1.022,0.108
1670841906,1.019,0.102
1670841906,1.021,0.096
1670841906,1.021,0.103
1670841906,1.023,0.104
1670841906,1.023,0.104
1670841906,1.02,0.107
1670841906,1.023,0.105
1670841906,1.022,0.102
1670841906,1.019,0.106
1670841906,1.023,0.102
1670841906,1.022,0.107
1670841906,1.021,0.099
1670841906,1.026,0.095
1670841906,1.019,0.1
1670841906,1.021,0.096
1670841906,1.02,0.104
1670841907,1.021,0.105
1670841907,1.021,0.101
1670841907,1.022,0.098
1670841907,1.019,0.105
1670841907,1.024,0.102
1670841907,1.021,0.099
1670841907,1.022,0.089
1670841907,1.021,0.107
1670841907,1.023,0.11
1670841907,1.02,0.102
1670841907,1.021,0.104
1670841907,1.023,0.097
1670841907,1.023,0.095
1670841907,1.019,0.101
1670841907,1.02,0.101
1670841907,1.022,0.099
1670841907,1.021,0.097
1670841907,1.019,0.107
1670841907,1.022,0.101
1670841907,1.022,0.091
1670841908,1.02,0.098
1670841908,1.021,0.104
1670841908,1.023,0.102
1670841908,1.018,0.098
1670841908,1.021,0.107
1670841908,1.024,0.108
1670841908,1.018,0.095
1670841908,1.023,0.109
1670841908,1.021,0.108
1670841908,1.021,0.1
1670841908,1.023,0.101
1670841908,1.02,0.104
1670841908,1.024,0.102
1670841908,1.021,0.1
1670841908,1.022,0.098
1670841908,1.02,0.1
1670841908,1.018,0.098
1670841908,1.024,0.097
1670841908,1.02,0.1
1670841908,1.019,0.104
1670841909,1.02,0.095
1670841909,1.018,0.108
1670841909,1.019,0.102
1670841909,1.021,0.102
1670841909,1.023,0.095
1670841909,1.018,0.102
1670841909,1.021,0.1
1670841909,1.023,0.108
1670841909,1.02,0.102
1670841909,1.018,0.092
1670841909,1.02,0.098
1670841909,1.02,0.104
1670841909,1.02,0.101
1670841909,1.021,0.103
1670841909,1.015,0.116
1670841909,1.021,0.101
1670841909,1.018,0.108
1670841909,1.02,0.104
1670841909,1.021,0.098
1670841909,1.022,0.1
1670841910,1.023,0.1
1670841910,1.021,0.105
1670841910,1.018,0.102
1670841910,1.022,0.1
1670841910,1.02,0.098
1670841910,1.024,0.102
1670841910,1.021,0.098
1670841910,1.022,0.102
1670841910,1.021,0.096
1670841910,1.022,0.105
1670841910,1.018,0.102
1670841910,1.019,0.108
1670841910,1.018,0.102
1670841910,1.021,0.11
1670841910,1.017,0.101
1670841910,1.019,0.1
1670841910,1.018,0.104
1670841910,1.021,0.103
1670841910,1.02,0.109
1670841910,1.018,0.102
1670841911,1.021,0.091
1670841911,1.017,0.104
1670841911,1.018,0.099
1670841911,1.019,0.1
1670841911,1.02,0.106
1670841911,1.022,0.102
1670841911,1.02,0.098
1670841911,1.023,0.1
1670841911,1.02,0.1
1670841911,1.021,0.099
1670841911,1.018,0.107
1670841911,1.019,0.103
1670841911,1.02,0.105
1670841911,1.02,0.105
1670841911,1.02,0.096
1670841911,1.02,0.106
1670841911,1.021,0.103
1670841911,1.017,0.094
1670841911,1.021,0.106
1670841911,1.021,0.113
1670841912,1.022,0.11
1670841912,1.022,0.096
1670841912,1.022,0.107
1670841912,1.022,0.105
1670841912,1.019,0.11
1670841912,1.022,0.103
1670841912,1.023,0.102
1670841912,1.021,0.105
1670841912,1.018,0.101
1670841912,1.024,0.103
1670841912,1.019,0.088
1670841912,1.022,0.108
1670841912,1.02,0.107
1670841912,1.02,0.101
1670841912,1.02,0.103
1670841912,1.018,0.102
1670841912,1.019,0.107
1670841912,1.022,0.109
1670841912,1.021,0.104
1670841912,1.022,0.111
1670841913,1.018,0.105
1670841913,1.021,0.11
1670841913,1.02,0.103
1670841913,1.021,0.11
1670841913,1.021,0.095
1670841913,1.022,0.095
1670841913,1.02,0.1
1670841913,1.022,0.099
1670841913,1.021,0.092
1670841913,1.02,0.104
1670841913,1.02,0.1
1670841913,1.01,0.125
1670841913,1.026,0.095
1670841913,1.018,0.106
1670841913,1.019,0.104
1670841913,1.022,0.104
1670841913,1.02,0.106
1670841913,1.023,0.113
1670841913,1.019,0.095
1670841913,1.022,0.103
1670841914,1.019,0.107
1670841914,1.023,0.105
1670841914,1.021,0.101
1670841914,1.02,0.105
1670841914,1.018,0.106
1670841914,1.019,0.103
1670841914,1.02,0.11
1670841914,1.018,0.104
1670841914,1.023,0.097
1670841914,1.019,0.094
1670841914,1.022,0.099
1670841914,1.021,0.1
1670841914,1.019,0.104
1670841914,1.022,0.099
1670841914,1.021,0.109
1670841914,1.021,0.104
1670841914,1.021,0.093
1670841914,1.022,0.097
1670841914,1.023,0.103
1670841914,1.024,0.101
1670841915,1.02,0.105
1670841915,1.02,0.1
1670841915,1.021,0.106
1670841915,1.019,0.104
1670841915,1.02,0.102
1670841915,1.022,0.108
1670841915,1.024,0.095
1670841915,1.02,0.128
1670841915,1.021,0.097
1670841915,1.024,0.099
1670841915,1.019,0.094
1670841915,1.023,0.122
1670841915,1.02,0.097
1670841915,1.021,0.124
1670841915,1.025,0.09
1670841915,1.022,0.064
1670841915,1.02,0.108
1670841915,1.02,0.091
1670841915,1.022,0.084
1670841915,1.017,0.078
1670841916,1.022,0.109
1670841916,1.02,0.104
1670841916,1.019,0.109
1670841916,1.02,0.086
1670841916,1.02,0.11
1670841916,1.021,0.101
1670841916,1.024,0.084
1670841916,1.023,0.09
1670841916,1.022,0.071
1670841916,1.022,0.088
1670841916,1.018,0.072
1670841916,1.024,0.095
1670841916,1.021,0.123
1670841916,1.022,0.11
1670841916,1.022,0.096
1670841916,1.022,0.078
1670841916,1.023,0.096
1670841916,1.02,0.146
1670841916,1.018,0.023
1670841916,1.021,0.118
1670841917,1.019,0.072
1670841917,1.02,0.109
1670841917,1.018,0.07
1670841917,1.02,0.088
1670841917,1.02,0.134
1670841917,1.021,0.037
1670841917,1.018,0.107
1670841917,1.022,0.134
1670841917,1.022,0.076
1670841917,1.021,0.087
1670841917,1.023,0.115
1670841917,1.02,0.086
1670841917,1.02,0.097
1670841917,1.022,0.056
1670841917,1.018,0.091
1670841917,1.02,0.066
1670841917,1.023,0.109
1670841917,1.022,0.091
1670841917,1.02,0.139
1670841917,1.019,0.099
1670841918,1.022,0.094
1670841918,1.021,0.069
1670841918,1.02,0.095
1670841918,1.018,0.072
1670841918,1.022,0.105
1670841918,1.02,0.095
1670841918,1.021,0.109
1670841918,1.021,0.117
1670841918,1.024,0.108
1670841918,1.021,0.127
1670841918,1.021,0.094
1670841918,1.023,0.143
1670841918,1.021,0.073
1670841918,1.021,0.114
1670841918,1.022,0.083
1670841918,1.026,0.077
1670841918,1.019,0.074
1670841918,1.021,0.105
1670841918,1.022,0.103
1670841918,1.022,0.164
1670841919,1.023,0.118
1670841919,1.023,0.08
1670841919,1.024,0.134
1670841919,1.02,0.113
1670841919,1.021,0.111
1670841919,1.021,0.094
1670841919,1.025,0.157
1670841919,1.021,0.05
1670841919,1.019,0.105
1670841919,1.021,0.063
1670841919,1.018,0.102
1670841919,1.023,0.087
1670841919,1.022,0.075
1670841919,1.02,0.072
1670841919,1.019,0.049
1670841919,1.021,0.119
1670841919,1.019,0.104
1670841919,1.019,0.052
1670841919,1.021,0.089
1670841919,1.022,0.105
1670841920,1.023,0.116
1670841920,1.022,0.106
1670841920,1.021,0.068
1670841920,1.023,0.115
1670841920,1.021,0.037
1670841920,1.024,0.103
1670841920,1.02,0.09
1670841920,1.02,0.102
1670841920,1.021,0.102
1670841920,1.021,0.15
1670841920,1.023,0.066
1670841920,1.022,0.132
1670841920,1.019,0.107
1670841920,1.02,0.112
1670841920,1.02,0.069
1670841920,1.02,0.114
1670841920,1.02,0.1
1670841920,1.021,0.084
1670841920,1.021,0.128
1670841920,1.022,0.118
1670841921,1.022,0.099
1670841921,1.019,0.141
1670841921,1.022,0.084
1670841921,1.025,0.087
1670841921,1.022,0.109
1670841921,1.021,0.099
1670841921,1.019,0.126
1670841921,1.021,0.13
1670841921,1.018,0.114
1670841921,1.021,0.112
1670841921,1.025,0.128
1670841921,1.022,0.106
1670841921,1.021,0.151
1670841921,1.021,0.088
1670841921,1.018,0.095
1670841921,1.022,0.075
1670841921,1.021,0.082
1670841921,1.023,0.106
1670841921,1.022,0.095
1670841921,1.024,0.103
1670841922,1.022,0.112
1670841922,1.022,0.094
1670841922,1.02,0.105
1670841922,1.023,0.108
1670841922,1.026,0.115
1670841922,1.026,0.103
1670841922,1.022,0.11
1670841922,1.022,0.108
1670841922,1.022,0.095
1670841922,1.023,0.109
1670841922,1.024,0.094
1670841922,1.021,0.101
1670841922,1.016,0.112
1670841922,1.023,0.092
1670841922,1.018,0.106
1670841922,1.02,0.102
1670841922,1.021,0.108
1670841922,1.022,0.104
1670841922,1.022,0.098
1670841922,1.021,0.103
1670841923,1.02,0.092
1670841923,1.022,0.102
1670841923,1.02,0.104
1670841923,1.023,0.102
1670841923,1.023,0.095
1670841923,1.02,0.102
1670841923,1.021,0.098
1670841923,1.023,0.108
1670841923,1.02,0.101
1670841923,1.021,0.107
1670841923,1.02,0.102
1670841923,1.02,0.102
1670841923,1.021,0.099
1670841923,1.02,0.1
1670841923,1.018,0.098
1670841923,1.021,0.102
1670841923,1.022,0.098
1670841923,1.02,0.11
1670841923,1.02,0.103
1670841923,1.021,0.098
1670841924,1.021,0.11
1670841924,1.021,0.105
1670841924,1.021,0.099
1670841924,1.021,0.105
1670841924,1.017,0.106
1670841924,1.019,0.106
1670841924,1.02,0.1
1670841924,1.018,0.106
1670841924,1.024,0.105
1670841924,1.021,0.101
1670841924,1.018,0.1
1670841924,1.021,0.111
1670841924,1.021,0.105
1670841924,1.021,0.106
1670841924,1.023,0.103
1670841924,1.02,0.101
1670841924,1.02,0.1
1670841924,1.019,0.108
1670841924,1.022,0.1
1670841924,1.02,0.097
1670841925,1.021,0.098
1670841925,1.022,0.104
1670841925,1.021,0.108
1670841925,1.02,0.1
1670841925,1.019,0.105
1670841925,1.021,0.102
1670841925,1.018,0.108
1670841925,1.021,0.105
1670841925,1.022,0.1
1670841925,1.024,0.11
1670841925,1.021,0.101
1670841925,1.023,0.093
1670841925,1.02,0.099
1670841925,1.02,0.107
1670841925,1.022,0.095
1670841925,1.023,0.104
1670841925,1.018,0.096
1670841925,1.024,0.105
1670841925,1.024,0.1
1670841925,1.023,0.11
1670841926,1.02,0.097
1670841926,1.023,0.104
1670841926,1.022,0.102
1670841926,1.022,0.102
1670841926,1.019,0.103
1670841926,1.017,0.106
1670841926,1.021,0.098
1670841926,1.02,0.1
1670841926,1.023,0.102
1670841926,1.021,0.1
1670841926,1.024,0.102
1670841926,1.02,0.102
1670841926,1.018,0.094
1670841926,1.022,0.103
1670841926,1.018,0.109
1670841926,1.024,0.106
1670841926,1.021,0.103
1670841926,1.024,0.1
1670841926,1.024,0.103
1670841926,1.021,0.101
1670841927,1.023,0.098
1670841927,1.023,0.108
1670841927,1.023,0.096
1670841927,1.024,0.111
1670841927,1.02,-0.004
1670841927,1.025,0.096
1670841927,1.022,0.076
1670841927,1.023,0.135
1670841927,1.021,0.103
1670841927,1.023,0.108
1670841927,1.021,0.107
1670841927,1.021,0.106
1670841927,1.018,0.1
1670841927,1.019,0.099
1670841927,1.025,0.101
1670841927,1.024,0.103
1670841927,1.021,0.101
1670841927,1.023,0.104
1670841927,1.026,0.106
1670841927,1.019,0.103
1670841928,1.021,0.097
1670841928,1.019,0.103
1670841928,1.021,0.104
1670841928,1.024,0.107
1670841928,1.017,0.108
1670841928,1.02,0.096
1670841928,1.018,0.106
1670841928,1.02,0.1
1670841928,1.023,0.098
1670841928,1.021,0.103
1670841928,1.022,0.103
1670841928,1.022,0.095
1670841928,1.024,0.1
1670841928,1.025,0.092
1670841928,1.024,0.101
1670841928,1.021,0.094
1670841928,1.022,0.098
1670841928,1.023,0.094
1670841928,1.021,0.1
1670841928,1.024,0.102
1670841929,1.022,0.104
1670841929,1.021,0.104
1670841929,1.021,0.11
1670841929,1.022,0.098
1670841929,1.021,0.092
1670841929,1.02,0.103
1670841929,1.022,0.105
1670841929,1.022,0.104
1670841929,1.022,0.095
1670841929,1.023,0.103
1670841929,1.023,0.1
1670841929,1.018,0.096
1670841929,1.022,0.11
1670841929,1.022,0.111
1670841929,1.022,0.103
1670841929,1.023,0.107
1670841929,1.021,0.095
1670841929,1.022,0.098
1670841929,1.022,0.101
1670841929,1.023,0.103
1670841930,1.021,0.1
1670841930,1.022,0.104
1670841930,1.02,0.091
1670841930,1.022,0.097
1670841930,1.02,0.101
1670841930,1.021,0.101
1670841930,1.023,0.096
1670841930,1.021,0.1
1670841930,1.023,0.106
1670841930,1.025,0.107
1670841930,1.021,0.103
1670841930,1.022,0.1
1670841930,1.023,0.102
1670841930,1.02,0.101
1670841930,1.017,0.072
1670841930,1.027,0.1
1670841930,1.024,0.101
1670841930,1.022,0.091
1670841930,1.023,0.098
1670841930,1.021,0.102
1670841931,1.021,0.102
1670841931,1.023,0.097
1670841931,1.019,0.097
1670841931,1.021,0.101
1670841931,1.022,0.097
1670841931,1.021,0.1
1670841931,1.023,0.1
1670841931,1.022,0.101
1670841931,1.023,0.105
1670841931,1.018,0.106
1670841931,1.02,0.103
1670841931,1.019,0.109
1670841931,1.023,0.098
1670841931,1.023,0.1
1670841931,1.022,0.102
1670841931,1.023,0.099
1670841931,1.023,0.102
1670841931,1.024,0.102
1670841931,1.023,0.096
1670841931,1.021,0.101
1670841932,1.021,0.101
1670841932,1.023,0.1
1670841932,1.021,0.099
1670841932,1.024,0.104
1670841932,1.02,0.105
1670841932,1.023,0.101
1670841932,1.023,0.098
1670841932,1.026,0.105
1670841932,1.021,0.08
1670841932,1.024,0.083
1670841932,1.019,0.091
1670841932,1.021,0.107
1670841932,1.023,0.103
1670841932,1.021,0.098
1670841932,1.022,0.121
1670841932,1.021,0.113
1670841932,1.017,0.09
1670841932,1.022,0.104
1670841932,1.021,0.109
1670841932,1.023,0.141
1670841933,1.019,0.088
1670841933,1.025,0.106
1670841933,1.019,0.105
1670841933,1.02,0.063
1670841933,1.02,0.096
1670841933,1.022,0.118
1670841933,1.023,0.13
1670841933,1.022,0.067
1670841933,1.024,0.118
1670841933,1.023,0.131
1670841933,1.022,0.105
1670841933,1.018,0.101
1670841933,1.023,0.053
1670841933,1.022,0.134
1670841933,1.021,0.106
1670841933,1.023,0.124
1670841933,1.023,0.12
1670841933,1.022,0.109
1670841933,1.021,0.127
1670841933,1.022,0.118
1670841934,1.02,0.119
1670841934,1.021,0.117
1670841934,1.016,0.021
1670841934,1.022,0.127
1670841934,1.023,0.114
1670841934,1.022,0.097
1670841934,1.02,0.156
1670841934,1.02,0.104
1670841934,1.024,0.144
1670841934,1.024,0.124
1670841934,1.018,0.064
1670841934,1.023,0.105
1670841934,1.022,0.102
1670841934,1.023,0.11
1670841934,1.023,0.125
1670841934,1.021,0.066
1670841934,1.023,0.089
1670841934,1.021,0.128
1670841934,1.023,0.047
1670841934,1.019,0.11
1670841935,1.02,0.059
1670841935,1.021,0.098
1670841935,1.02,0.068
1670841935,1.019,0.051
1670841935,1.022,0.076
1670841935,1.022,0.115
1670841935,1.02,0.097
1670841935,1.022,0.073
1670841935,1.02,0.095
1670841935,1.021,0.12
1670841935,1.024,0.128
1670841935,1.023,-0.021
1670841935,1.021,0.082
1670841935,1.022,0.102
1670841935,1.022,0.117
1670841935,1.021,0.08
1670841935,1.021,0.121
1670841935,1.02,0.159
1670841935,1.019,0.099
1670841935,1.02,0.085
1670841936,1.021,0.08
1670841936,1.018,0.02
1670841936,1.023,0.103
1670841936,1.02,0.061
1670841936,1.021,0.096
1670841936,1.02,0.096
1670841936,1.024,0.142
1670841936,1.019,0.008
1670841936,1.023,0.056
1670841936,1.022,0.121
1670841936,1.021,0.08
1670841936,1.025,0.077
1670841936,1.023,0.172
1670841936,1.022,0.114
1670841936,1.023,0.077
1670841936,1.024,0.093
1670841936,1.023,0.087
1670841936,1.024,0.155
1670841936,1.02,0.078
1670841936,1.018,0.071
1670841937,1.023,0.125
1670841937,1.023,0.116
1670841937,1.02,0.101
1670841937,1.021,0.113
1670841937,1.022,0.085
1670841937,1.024,0.086
1670841937,1.023,0.107
1670841937,1.02,0.056
1670841937,1.021,0.084
1670841937,1.016,0.12
1670841937,1.021,0.144
1670841937,1.023,0.113
1670841937,1.019,0.098
1670841937,1.025,0.124
1670841937,1.021,0.089
1670841937,1.018,0.102
1670841937,1.021,0.129
1670841937,1.02,0.093
1670841937,1.021,0.105
1670841937,1.018,0.088
1670841938,1.021,0.133
1670841938,1.021,0.083
1670841938,1.021,0.151
1670841938,1.02,0.097
1670841938,1.018,0.076
1670841938,1.021,0.085
1670841938,1.025,0.131
1670841938,1.02,0.111
1670841938,1.023,0.091
1670841938,1.022,0.101
1670841938,1.022,0.101
1670841938,1.023,0.115
1670841938,1.021,0.102
1670841938,1.023,0.106
1670841938,1.019,0.091
1670841938,1.022,0.102
1670841938,1.02,0.085
1670841938,1.02,0.063
1670841938,1.024,0.102
1670841938,1.02,0.097
1670841939,1.02,0.092
1670841939,1.021,0.087
1670841939,1.019,0.083
1670841939,1.022,0.125
1670841939,1.021,0.101
1670841939,1.026,0.113
1670841939,1.022,0.121
1670841939,1.02,0.1
1670841939,1.02,0.107
1670841939,1.019,0.102
1670841939,1.021,0.084
1670841939,1.022,0.101
1670841939,1.024,0.1
1670841939,1.022,0.117
1670841939,1.017,0.095
1670841939,1.022,0.102
1670841939,1.021,0.096
1670841939,1.022,0.097
1670841939,1.021,0.108
1670841939,1.021,0.092
1670841940,1.022,0.101
1670841940,1.024,0.101
1670841940,1.023,0.102
1670841940,1.02,0.099
1670841940,1.021,0.106
1670841940,1.023,0.103
1670841940,1.02,0.106
1670841940,1.022,0.098
1670841940,1.022,0.107
1670841940,1.022,0.107
1670841940,1.021,0.092
1670841940,1.022,0.103
1670841940,1.02,0.103
1670841940,1.022,0.11
1670841940,1.017,0.105
1670841940,1.022,0.093
1670841940,1.02,0.095
1670841940,1.018,0.098
1670841940,1.022,0.102
1670841940,1.023,0.108
1670841941,1.02,0.099
1670841941,1.022,0.103
1670841941,1.023,0.105
1670841941,1.019,0.105
1670841941,1.02,0.101
1670841941,1.022,0.108
1670841941,1.018,0.101
1670841941,1.019,0.094
1670841941,1.021,0.1
1670841941,1.022,0.1
1670841941,1.02,0.108
1670841941,1.02,0.105
1670841941,1.021,0.101
1670841941,1.023,0.101
1670841941,1.022,0.084
1670841941,1.022,0.102
1670841941,1.023,0.1
1670841941,1.02,0.097
1670841941,1.019,0.109
1670841941,1.023,0.101
1670841942,1.018,0.095
1670841942,1.021,0.1
1670841942,1.022,0.106
1670841942,1.022,0.103
1670841942,1.021,0.105
1670841942,1.02,0.103
1670841942,1.023,0.101
1670841942,1.02,0.108
1670841942,1.023,0.104
1670841942,1.022,0.098
1670841942,1.018,0.099
1670841942,1.02,0.099
1670841942,1.017,0.106
1670841942,1.017,0.108
1670841942,1.02,0.104
1670841942,1.022,0.098
1670841942,1.022,0.099
1670841942,1.018,0.094
1670841942,1.022,0.099
1670841942,1.02,0.106
1670841943,1.019,0.101
1670841943,1.022,0.104
1670841943,1.02,0.101
1670841943,1.019,0.107
1670841943,1.017,0.106
1670841943,1.022,0.103
1670841943,1.019,0.094
1670841943,1.02,0.097
1670841943,1.023,0.103
1670841943,1.021,0.104
1670841943,1.031,0.109
1670841943,1.022,0.102
1670841943,1.021,0.111
1670841943,1.024,0.097
1670841943,1.019,0.103
1670841943,1.017,0.105
1670841943,1.02,0.111
1670841943,1.018,0.101
1670841943,1.017,0.106
1670841943,1.021,0.094
1670841944,1.021,0.102
1670841944,1.023,0.104
1670841944,1.021,0.106
1670841944,1.022,0.107
1670841944,1.024,0.108
1670841944,1.022,0.1
1670841944,1.022,0.105
1670841944,1.023,0.103
1670841944,1.019,0.098
1670841944,1.02,0.103
1670841944,1.02,0.097
1670841944,1.02,0.114
1670841944,1.018,0.103
1670841944,1.02,0.109
1670841944,1.019,0.1
1670841944,1.022,0.101
1670841944,1.021,0.101
1670841944,1.019,0.101
1670841944,1.019,0.099
1670841944,1.025,0.106
1670841945,1.022,0.102
1670841945,1.019,0.103
1670841945,1.023,0.09
1670841945,1.019,0.098
1670841945,1.021,0.111
1670841945,1.022,0.103
1670841945,1.02,0.102
1670841945,1.02,0.108
1670841945,1.019,0.1
1670841945,1.021,0.104
1670841945,1.022,0.095
1670841945,1.027,0.088
1670841945,1.023,0.094
1670841945,1.02,0.105
1670841945,1.021,0.097
1670841945,1.02,0.099
1670841945,1.022,0.103
1670841945,1.02,0.096
1670841945,1.018,0.104
1670841945,1.02,0.103
1670841946,1.021,0.105
1670841946,1.021,0.109
1670841946,1.021,0.091
1670841946,1.021,0.102
1670841946,1.022,0.095
1670841946,1.022,0.101
1670841946,1.022,0.105
1670841946,1.022,0.1
1670841946,1.021,0.1
1670841946,1.02,0.109
1670841946,1.02,0.094
1670841946,1.024,0.088
1670841946,1.022,0.098
1670841946,1.022,0.1
1670841946,1.026,0.1
1670841946,1.02,0.098
1670841946,1.02,0.106
1670841946,1.02,0.104
1670841946,1.021,0.104
1670841946,1.021,0.096
1670841947,1.022,0.099
1670841947,1.019,0.098
1670841947,1.022,0.106
1670841947,1.02,0.096
1670841947,1.02,0.104
1670841947,1.019,0.101
1670841947,1.021,0.095
1670841947,1.022,0.108
1670841947,1.018,0.095
1670841947,1.021,0.1
1670841947,1.022,0.104
1670841947,1.021,0.093
1670841947,1.021,0.103
1670841947,1.023,0.101
1670841947,1.02,0.095
1670841947,1.021,0.102
1670841947,1.022,0.093
1670841947,1.022,0.101
1670841947,1.021,0.098
1670841947,1.02,0.105
1670841948,1.022,0.104
1670841948,1.021,0.101
1670841948,1.023,0.103
1670841948,1.021,0.103
1670841948,1.019,0.096
1670841948,1.023,0.103
1670841948,1.02,0.093
1670841948,1.02,0.102
1670841948,1.023,0.107
1670841948,1.019,0.101
1670841948,1.021,0.102
1670841948,1.021,0.1
1670841948,1.023,0.114
1670841948,1.021,0.091
1670841948,1.024,0.093
1670841948,1.024,0.103
1670841948,1.021,0.095
1670841948,1.021,0.1
1670841948,1.018,0.105
1670841948,1.023,0.111
1670841949,1.019,0.102
1670841949,1.021,0.103
1670841949,1.022,0.102
1670841949,1.019,0.106
1670841949,1.02,0.105
1670841949,1.024,0.103
1670841949,1.025,0.104
1670841949,1.023,0.112
1670841949,1.021,0.105
1670841949,1.024,0.106
1670841949,1.017,0.099
1670841949,1.017,0.078
1670841949,1.019,0.105
1670841949,1.021,0.096
1670841949,1.023,0.097
1670841949,1.023,0.089
1670841949,1.019,0.151
1670841949,1.021,0.115
1670841949,1.02,0.096
1670841949,1.022,0.092
1670841950,1.024,0.089
1670841950,1.017,0.105
1670841950,1.02,0.094
1670841950,1.021,0.113
1670841950,1.023,0.134
1670841950,1.02,0.096
1670841950,1.02,0.087
1670841950,1.019,0.09
1670841950,1.021,0.114
1670841950,1.023,0.118
1670841950,1.022,0.084
1670841950,1.02,0.109
1670841950,1.02,0.111
1670841950,1.025,0.153
1670841950,1.02,0.108
1670841950,1.02,0.127
1670841950,1.02,0.074
1670841950,1.019,0.095
1670841950,1.018,0.036
1670841950,1.022,0.122
1670841951,1.019,0.114
1670841951,1.018,0.058
1670841951,1.021,0.11
1670841951,1.02,0.075
1670841951,1.022,0.115
1670841951,1.024,0.172
1670841951,1.02,0.08
1670841951,1.222,0.156
1670841951,2.455,0.118
1670841951,2.462,0.148
1670841951,2.455,0.076
1670841951,2.458,0.089
1670841951,2.451,0.066
1670841951,2.458,0.082
1670841951,2.452,0.062
1670841951,2.454,0.096
1670841951,2.455,0.09
1670841951,2.459,0.131
1670841951,2.456,0.123
1670841951,2.458,0.128
1670841952,2.458,0.111
1670841952,2.455,0.066
1670841952,1.422,0.135
1670841952,1.018,0.113
1670841952,1.02,0.088
1670841952,1.022,0.093
1670841952,1.02,0.094
1670841952,1.016,7.397
1670841952,1.02,8.229
1670841952,1.019,8.235
1670841952,1.017,8.227
1670841952,1.017,8.221
1670841952,1.021,8.239
1670841952,1.017,8.229
1670841952,1.015,8.228
1670841952,1.023,8.223
1670841952,1.017,8.23
1670841952,1.018,8.222
1670841952,1.017,8.226
1670841952,1.016,8.235
1670841953,1.021,6.751
1670841953,1.02,0.064
1670841953,1.017,0.071
1670841953,1.019,0.085
1670841953,1.022,0.095
1670841953,1.02,0.123
1670841953,1.019,0.091
1670841953,1.018,0.092
1670841953,1.017,0.136
1670841953,1.019,0.079
1670841953,1.021,0.123
1670841953,1.022,0.079
1670841953,1.02,0.122
1670841953,1.018,0.08
1670841953,1.019,0.081
1670841953,1.023,0.145
1670841953,1.021,0.068
1670841953,1.018,0.123
1670841953,1.018,0.066
1670841953,1.022,0.122
1670841954,1.019,0.063
1670841954,2.168,0.186
1670841954,2.456,0.069
1670841954,2.455,0.058
1670841954,2.455,0.055
1670841954,2.457,0.068
1670841954,2.458,0.16
1670841954,2.458,0.094
1670841954,2.458,0.176
1670841954,2.456,0.151
1670841954,2.46,0.156
1670841954,2.459,0.146
1670841954,2.455,0.083
1670841954,2.457,0.107
1670841954,2.457,0.109
1670841954,2.453,0.063
1670841954,2.107,0.064
1670841954,1.021,0.08
1670841954,1.019,0.103
1670841954,1.019,0.11
1670841955,1.018,3.835
1670841955,1.019,8.221
1670841955,1.021,8.228
1670841955,1.019,8.226
1670841955,1.021,8.23
1670841955,1.022,8.219
1670841955,1.017,8.227
1670841955,1.02,8.231
1670841955,1.022,8.228
1670841955,1.021,8.222
1670841955,1.021,8.227
1670841955,1.02,8.227
1670841955,1.018,8.221
1670841955,1.019,8.217
1670841955,1.02,8.226
1670841955,1.021,2.2
1670841955,1.022,0.11
1670841955,1.017,0.111
1670841955,1.019,0.091
1670841955,1.908,0.083
1670841956,2.459,0.119
1670841956,2.454,0.106
1670841956,2.454,0.086
1670841956,2.459,0.138
1670841956,2.456,0.117
1670841956,2.46,0.102
1670841956,2.456,0.108
1670841956,2.456,0.106
1670841956,2.454,0.101
1670841956,2.458,0.092
1670841956,2.458,0.109
1670841956,2.454,0.098
1670841956,2.457,0.102
1670841956,1.137,0.105
1670841956,1.02,0.105
1670841956,1.019,0.11
1670841956,1.018,0.097
1670841956,1.021,0.093
1670841956,1.018,3.676
1670841956,1.88,8.228
1670841957,2.457,8.222
1670841957,2.454,8.231
1670841957,2.457,8.231
1670841957,2.459,8.234
1670841957,2.455,8.235
1670841957,2.461,8.226
1670841957,2.457,8.232
1670841957,2.455,8.225
1670841957,2.456,8.226
1670841957,2.455,8.223
1670841957,2.457,8.221
1670841957,2.455,7.001
1670841957,2.46,0.105
1670841957,2.457,0.107
1670841957,2.227,0.106
1670841957,1.023,0.097
1670841957,1.02,0.099
1670841957,1.019,0.095
1670841957,1.019,2.206
1670841957,1.021,8.218
1670841958,1.02,8.229
1670841958,1.02,8.228
1670841958,1.018,8.232
1670841958,1.022,8.224
1670841958,1.018,8.231
1670841958,1.02,8.231
1670841958,1.02,8.22
1670841958,1.02,8.228
1670841958,1.014,8.232
1670841958,1.019,8.24
1670841958,1.017,8.237
1670841958,1.023,8.23
1670841958,1.017,8.225
1670841958,1.017,4.659
1670841958,1.02,0.105
1670841958,1.021,0.104
1670841958,1.023,0.102
1670841958,1.018,0.097
1670841958,1.022,0.097
1670841958,1.023,0.108
1670841959,1.022,0.101
1670841959,1.02,0.096
1670841959,1.025,0.102
1670841959,1.024,0.092
1670841959,1.023,0.1
1670841959,1.019,0.101
1670841959,1.021,0.097
1670841959,1.021,0.099
1670841959,1.02,0.101
1670841959,1.022,0.099
1670841959,1.019,0.103
1670841959,1.021,0.098
1670841959,1.014,0.098
1670841959,1.018,0.103
1670841959,1.023,0.106
1670841959,1.022,0.101
1670841959,1.02,0.097
1670841959,1.021,0.104
1670841959,1.022,0.109
1670841959,1.022,0.093
1670841960,1.021,0.101
1670841960,1.019,0.1
1670841960,1.021,0.103
1670841960,1.022,0.112
1670841960,1.024,0.096
1670841960,1.022,0.107
1670841960,1.023,0.101
1670841960,1.02,0.102
1670841960,1.018,0.103
1670841960,1.021,0.097
1670841960,1.018,0.11
1670841960,1.018,0.106
1670841960,1.02,0.101
1670841960,1.019,0.1
1670841960,1.019,0.099
1670841960,1.02,0.09
1670841960,1.02,0.101
1670841960,1.018,0.095
1670841960,1.018,0.102
1670841960,1.021,0.103
1670841961,1.021,0.102
1670841961,1.022,0.101
1670841961,1.024,0.104
1670841961,1.022,0.083
1670841961,1.022,0.096
1670841961,1.021,0.097
1670841961,1.022,0.09
1670841961,1.019,0.093
1670841961,1.021,0.123
1670841961,1.02,0.099
1670841961,1.021,0.082
1670841961,1.023,0.116
1670841961,1.021,0.089
1670841961,1.019,0.128
1670841961,1.02,0.098
1670841961,1.017,0.105
1670841961,1.018,0.097
1670841961,1.024,0.112
1670841961,1.022,0.097
1670841961,1.019,0.094
1670841962,1.021,0.093
1670841962,1.022,0.109
1670841962,1.02,0.106
1670841962,1.017,0.104
1670841962,1.017,0.105
1670841962,1.02,0.108
1670841962,1.019,0.104
1670841962,1.021,0.107
1670841962,1.022,0.099
1670841962,1.023,0.09
1670841962,1.02,0.104
1670841962,1.02,0.1
1670841962,1.021,0.103
1670841962,1.021,0.103
1670841962,1.021,0.098
1670841962,1.021,0.1
1670841962,1.019,0.104
1670841962,1.021,0.1
1670841962,1.022,0.1
1670841962,1.022,0.102
1670841963,1.021,0.101
1670841963,1.023,0.105
1670841963,1.023,0.095
1670841963,1.021,0.097
1670841963,1.02,0.096
1670841963,1.019,0.103
1670841963,1.022,0.092
1670841963,1.019,0.102
1670841963,1.021,0.093
1670841963,1.023,0.103
1670841963,1.02,0.098
1670841963,1.023,0.106
1670841963,1.022,0.101
1670841963,1.021,0.105
1670841963,1.019,0.1
1670841963,1.02,0.1
1670841963,1.022,0.091
1670841963,1.021,0.107
1670841963,1.02,0.096
1670841963,1.023,0.111
1670841964,1.019,0.102
1670841964,1.022,0.1
1670841964,1.021,0.105
1670841964,1.02,0.099
1670841964,1.021,0.097
1670841964,1.02,0.096
1670841964,1.019,0.101
1670841964,1.024,0.094
1670841964,1.019,0.101
1670841964,1.022,0.101
1670841964,1.022,0.095
1670841964,1.019,0.101
1670841964,1.023,0.095
1670841964,1.018,0.101
1670841964,1.019,0.093
1670841964,1.02,0.098
1670841964,1.02,0.102
1670841964,1.022,0.103
1670841964,1.022,0.101
1670841964,1.022,0.105
1670841965,1.024,0.101
1670841965,1.021,0.09
1670841965,1.021,0.1
1670841965,1.02,0.104
1670841965,1.021,0.104
1670841965,1.019,0.095
1670841965,1.02,0.101
1670841965,1.021,0.096
1670841965,1.023,0.1
1670841965,1.019,0.09
1670841965,1.022,0.097
1670841965,1.021,0.101
1670841965,1.019,0.095
1670841965,1.02,0.101
1670841965,1.023,0.095
1670841965,1.02,0.092
1670841965,1.02,0.105
1670841965,1.023,0.102
1670841965,1.019,0.096
1670841965,1.018,0.102
1670841966,1.021,0.096
1670841966,1.02,0.1
1670841966,1.02,0.101
1670841966,1.019,0.104
1670841966,1.022,0.102
1670841966,1.023,0.107
1670841966,1.021,0.101
1670841966,1.02,0.105
1670841966,1.022,0.116
1670841966,1.02,0.104
1670841966,1.018,0.095
1670841966,1.021,0.094
1670841966,1.021,0.103
1670841966,1.025,0.105
1670841966,1.022,0.115
1670841966,1.02,0.119
1670841966,1.019,0.076
1670841966,1.022,0.102
1670841966,1.022,0.127
1670841966,1.021,0.114
1670841967,1.02,0.079
1670841967,1.021,0.083
1670841967,1.022,0.089
1670841967,1.024,0.116
1670841967,1.016,0.049
1670841967,1.016,0.101
1670841967,1.025,0.088
1670841967,1.022,0.098
1670841967,1.02,0.107
1670841967,1.017,0.119
1670841967,1.023,0.116
1670841967,1.02,0.108
1670841967,1.02,0.115
1670841967,1.02,0.103
1670841967,1.023,0.115
1670841967,1.021,0.112
1670841967,1.019,0.093
1670841967,1.021,0.125
1670841967,1.023,0.102
1670841967,1.024,0.092
1670841968,1.021,0.108
1670841968,1.022,0.094
1670841968,1.019,0.091
1670841968,1.019,0.051
1670841968,1.022,0.155
1670841968,1.019,0.069
1670841968,1.025,0.116
1670841968,1.024,0.134
1670841968,1.019,0.073
1670841968,1.022,0.085
1670841968,1.018,0.096
1670841968,1.024,0.099
1670841968,1.021,0.087
1670841968,1.021,0.083
1670841968,1.022,0.135
1670841968,1.022,0.085
1670841968,1.022,0.088
1670841968,1.02,0.08
1670841968,1.023,0.134
1670841968,1.019,0.08
1670841969,1.023,0.16
1670841969,1.017,0.069
1670841969,1.022,0.086
1670841969,1.021,0.087
1670841969,1.027,0.109
1670841969,1.021,0.129
1670841969,1.017,0.072
1670841969,1.02,0.083
1670841969,1.022,0.133
1670841969,1.022,0.13
1670841969,1.021,0.115
1670841969,1.016,0.074
1670841969,1.019,0.071
1670841969,1.02,0.102
1670841969,1.018,0.084
1670841969,1.02,0.081
1670841969,1.023,0.156
1670841969,1.026,0.14
1670841969,1.022,0.113
1670841969,1.021,0.104
1670841970,1.022,0.146
1670841970,1.019,0.126
1670841970,1.019,0.072
1670841970,1.018,0.076
1670841970,1.022,0.152
1670841970,1.02,0.1
1670841970,1.02,0.081
1670841970,1.021,0.085
1670841970,1.021,0.137
1670841970,1.014,0.013
1670841970,1.02,0.092
1670841970,1.022,0.127
1670841970,1.025,0.085
1670841970,1.021,0.125
1670841970,1.018,0.13
1670841970,1.022,0.148
1670841970,1.019,0.055
1670841970,1.021,0.18
1670841970,1.019,0.112
1670841970,1.019,0.08
1670841971,1.022,0.068
1670841971,1.022,0.13
1670841971,1.022,0.062
1670841971,1.022,0.06
1670841971,1.022,0.104
1670841971,1.022,0.12
1670841971,1.023,0.083
1670841971,1.026,0.093
1670841971,1.022,0.142
1670841971,1.018,0.054
1670841971,1.022,0.107
1670841971,1.026,0.154
1670841971,1.018,0.099
1670841971,1.017,0.101
1670841971,1.024,0.083
1670841971,1.023,0.126
1670841971,1.02,0.124
1670841971,1.025,0.139
1670841971,1.021,0.061
1670841971,1.02,0.11
1670841972,1.023,0.125
1670841972,1.019,0.115
1670841972,1.023,0.101
1670841972,1.022,0.109
1670841972,1.021,0.093
1670841972,1.022,0.108
1670841972,1.018,0.104
1670841972,1.021,0.13
1670841972,1.021,0.065
1670841972,1.022,0.128
1670841972,1.018,0.089
1670841972,1.023,0.132
1670841972,1.015,0.103
1670841972,1.023,0.111
1670841972,1.022,0.083
1670841972,1.019,0.095
1670841972,1.02,0.085
1670841972,1.02,0.089
1670841972,1.016,0.087
1670841972,1.022,0.084
1670841973,1.021,0.116
1670841973,1.023,0.114
1670841973,1.02,0.109
1670841973,1.021,0.114
1670841973,1.019,0.086
1670841973,1.019,0.1
1670841973,1.019,0.111
1670841973,1.023,0.083
1670841973,1.021,0.112
1670841973,1.02,0.107
1670841973,1.022,0.102
1670841973,1.019,0.108
1670841973,1.021,0.089
1670841973,1.019,0.094
1670841973,1.016,0.102
1670841973,1.022,0.098
1670841973,1.019,0.095
1670841973,1.018,0.099
1670841973,1.021,0.096
1670841973,1.02,0.103
1670841974,1.019,0.099
1670841974,1.021,0.101
1670841974,1.021,0.1
1670841974,1.021,0.103
1670841974,1.021,0.097
1670841974,1.023,0.1
1670841974,1.02,0.095
1670841974,1.023,0.104
1670841974,1.02,0.104
1670841974,1.02,0.102
1670841974,1.022,0.106
1670841974,1.022,0.1
1670841974,1.022,0.106
1670841974,1.02,0.105
1670841974,1.022,0.106
1670841974,1.018,0.104
1670841974,1.021,0.101
1670841974,1.02,0.098
1670841974,1.022,0.094
1670841974,1.02,0.105
1670841975,1.022,0.101
1670841975,1.021,0.097
1670841975,1.02,0.101
1670841975,1.016,0.096
1670841975,1.022,0.093
1670841975,1.019,0.106
1670841975,1.02,0.101
1670841975,1.018,0.101
1670841975,1.022,0.104
1670841975,1.019,0.095
1670841975,1.028,0.087
1670841975,1.016,0.107
1670841975,1.017,0.098
1670841975,1.019,0.095
1670841975,1.021,0.094
1670841975,1.024,0.099
1670841975,1.02,0.108
1670841975,1.022,0.104
1670841975,1.022,0.091
1670841975,1.023,0.096
1670841976,1.023,0.089
1670841976,1.021,0.101
1670841976,1.021,0.104
1670841976,1.021,0.101
1670841976,1.022,0.104
1670841976,1.022,0.105
1670841976,1.021,0.101
1670841976,1.022,0.107
1670841976,1.022,0.103
1670841976,1.022,0.101
1670841976,1.021,0.094
1670841976,1.017,0.101
1670841976,1.022,0.101
1670841976,1.021,0.092
1670841976,1.018,0.099
1670841976,1.021,0.095
1670841976,1.02,0.109
1670841976,1.02,0.095
1670841976,1.023,0.098
1670841976,1.021,0.101
1670841977,1.019,0.095
1670841977,1.02,0.103
1670841977,1.02,0.098
1670841977,1.022,0.1
1670841977,1.022,0.105
1670841977,1.021,0.097
1670841977,1.024,0.106
1670841977,1.02,0.095
1670841977,1.023,0.097
1670841977,1.02,0.098
1670841977,1.02,0.097
1670841977,1.022,0.13
1670841977,1.023,0.1
1670841977,1.022,0.096
1670841977,1.019,0.094
1670841977,1.02,0.103
1670841977,1.02,0.096
1670841977,1.021,0.101
1670841977,1.02,0.092
1670841977,1.02,0.101
1670841978,1.02,0.097
1670841978,1.022,0.103
1670841978,1.019,0.104
1670841978,1.023,0.097
1670841978,1.021,0.105
1670841978,1.02,0.102
1670841978,1.02,0.095
1670841978,1.022,0.101
1670841978,1.022,0.109
1670841978,1.02,0.098
1670841978,1.022,0.108
1670841978,1.02,0.095
1670841978,1.02,0.096
1670841978,1.019,0.106
1670841978,1.022,0.101
1670841978,1.024,0.094
1670841978,1.018,0.106
1670841978,1.024,0.102
1670841978,1.022,0.096
1670841978,1.02,0.1
1670841979,1.022,0.102
1670841979,1.02,0.099
1670841979,1.02,0.096
1670841979,1.018,0.1
1670841979,1.02,0.093
1670841979,1.019,0.098
1670841979,1.019,0.095
1670841979,1.02,0.097
1670841979,1.021,0.106
1670841979,1.018,0.098
1670841979,1.021,0.097
1670841979,1.022,0.092
1670841979,1.022,0.103
1670841979,1.022,0.097
1670841979,1.022,0.101
1670841979,1.019,0.095
1670841979,1.019,0.097
1670841979,1.023,0.106
1670841979,1.021,0.105
1670841979,1.019,0.097
1670841980,1.021,0.105
1670841980,1.02,0.101
1670841980,1.02,0.098
1670841980,1.02,0.107
1670841980,1.019,0.099
1670841980,1.02,0.1
1670841980,1.021,0.094
1670841980,1.017,0.106
1670841980,1.018,0.096
1670841980,1.019,0.102
1670841980,1.019,0.1
1670841980,1.021,0.108
1670841980,1.025,0.113
1670841980,1.02,0.095
1670841980,1.019,0.092
1670841980,1.017,0.1
1670841980,1.021,0.097
1670841980,1.017,0.098
1670841980,1.018,0.096
1670841980,1.018,0.099
1670841981,1.023,0.099
1670841981,1.021,0.107
1670841981,1.019,0.096
1670841981,1.016,0.099
1670841981,1.022,0.093
1670841981,1.018,0.102
1670841981,1.022,0.1
1670841981,1.019,0.099
1670841981,1.021,0.089
1670841981,1.022,0.101
1670841981,1.017,0.101
1670841981,1.02,0.106
1670841981,1.024,0.097
1670841981,1.02,0.101
1670841981,1.025,0.105
1670841981,1.021,0.095
1670841981,1.019,0.095
1670841981,1.019,0.096
1670841981,1.02,0.094
1670841981,1.021,0.108
1670841982,1.018,0.097
1670841982,1.023,0.104
1670841982,1.02,0.096
1670841982,1.022,0.102
1670841982,1.022,0.101
1670841982,1.021,0.105
1670841982,1.018,0.094
1670841982,1.019,0.103
1670841982,1.021,0.103
1670841982,1.019,0.102
1670841982,1.021,0.106
1670841982,1.019,0.107
1670841982,1.02,0.098
1670841982,1.022,0.099
1670841982,1.019,0.1
1670841982,1.02,0.103
1670841982,1.017,0.099
1670841982,1.018,0.105
1670841982,1.018,0.096
1670841982,1.022,0.098
1670841983,1.023,0.105
1670841983,1.022,0.101
1670841983,1.021,0.101
1670841983,1.019,0.098
1670841983,1.023,0.095
1670841983,1.02,0.105
1670841983,1.018,0.092
1670841983,1.019,0.104
1670841983,1.018,0.103
1670841983,1.022,0.093
1670841983,1.024,0.094
1670841983,1.023,0.126
1670841983,1.02,0.095
1670841983,1.019,0.095
1670841983,1.023,0.096
1670841983,1.022,0.099
1670841983,1.023,0.112
1670841983,1.02,0.121
1670841983,1.02,0.07
1670841983,1.02,0.101
1670841984,1.021,0.112
1670841984,1.023,0.099
1670841984,1.021,0.074
1670841984,1.024,0.101
1670841984,1.023,0.111
1670841984,1.02,0.104
1670841984,1.019,0.104
1670841984,1.021,0.08
1670841984,1.02,0.082
1670841984,1.022,0.086
1670841984,1.019,0.067
1670841984,1.019,0.085
1670841984,1.024,0.112
1670841984,1.025,0.132
1670841984,1.021,0.051
1670841984,1.021,0.087
1670841984,1.021,0.088
1670841984,1.022,0.075
1670841984,1.018,0.126
1670841984,1.022,0.118
1670841985,1.023,0.143
1670841985,1.023,0.091
1670841985,1.021,0.099
1670841985,1.022,0.124
1670841985,1.021,0.092
1670841985,1.025,0.087
1670841985,1.021,0.101
1670841985,1.022,0.145
1670841985,1.022,0.091
1670841985,1.023,0.144
1670841985,1.019,0.097
1670841985,1.02,0.073
1670841985,1.02,0.128
1670841985,1.019,0.075
1670841985,1.022,0.12
1670841985,1.019,0.099
1670841985,1.018,0.113
1670841985,1.02,0.12
1670841985,1.023,0.062
1670841985,1.024,0.092
1670841986,1.018,0.104
1670841986,1.023,0.135
1670841986,1.021,0.121
1670841986,1.022,0.104
1670841986,1.02,0.09
1670841986,1.016,0.101
1670841986,1.02,0.057
1670841986,1.02,0.093
1670841986,1.019,0.093
1670841986,1.02,0.094
1670841986,1.027,0.01
1670841986,1.02,0.071
1670841986,1.021,0.057
1670841986,1.02,0.094
1670841986,1.022,0.16
1670841986,1.02,0.126
1670841986,1.021,0.149
1670841986,1.022,0.085
1670841986,1.02,0.041
1670841986,1.025,0.122
1670841987,1.024,0.104
1670841987,1.02,0.08
1670841987,1.019,0.085
1670841987,1.021,0.11
1670841987,1.022,0.128
1670841987,1.023,0.118
1670841987,1.023,0.12
1670841987,1.022,0.073
1670841987,1.02,0.057
1670841987,1.022,0.162
1670841987,1.021,0.057
1670841987,1.021,0.111
1670841987,1.022,0.105
1670841987,1.02,0.099
1670841987,1.021,0.098
1670841987,1.022,0.074
1670841987,1.022,0.132
1670841987,1.021,0.13
1670841987,1.022,0.124
1670841987,1.023,0.116
1670841988,1.02,0.106
1670841988,1.023,0.092
1670841988,1.019,0.074
1670841988,1.019,0.076
1670841988,1.021,0.137
1670841988,1.02,0.083
1670841988,1.022,0.089
1670841988,1.02,0.077
1670841988,1.019,0.159
1670841988,1.019,0.113
1670841988,1.021,0.126
1670841988,1.022,0.134
1670841988,1.019,0.079
1670841988,1.019,0.076
1670841988,1.024,0.109
1670841988,1.025,0.164
1670841988,1.016,0.007
1670841988,1.021,0.135
1670841988,1.019,0.07
1670841988,1.022,0.096
1670841989,1.018,0.125
1670841989,1.025,0.152
1670841989,1.021,0.096
1670841989,1.02,0.088
1670841989,1.02,0.084
1670841989,1.023,0.129
1670841989,1.02,0.061
1670841989,1.022,0.075
1670841989,1.019,0.13
1670841989,1.019,0.103
1670841989,1.022,0.103
1670841989,1.022,0.106
1670841989,1.02,0.119
1670841989,1.023,0.106
1670841989,1.019,0.133
1670841989,1.022,0.098
1670841989,1.018,0.08
1670841989,1.025,0.126
1670841989,1.021,0.093
1670841989,1.021,0.105
1670841990,1.024,0.112
1670841990,1.019,0.091
1670841990,1.023,0.09
1670841990,1.022,0.119
1670841990,1.022,0.111
1670841990,1.02,0.1
1670841990,1.022,0.11
1670841990,1.016,0.104
1670841990,1.02,0.1
1670841990,1.022,0.109
1670841990,1.022,0.096
1670841990,1.02,0.103
1670841990,1.019,0.111
1670841990,1.019,0.101
1670841990,1.019,0.097
1670841990,1.021,0.086
1670841990,1.02,0.103
1670841990,1.02,0.106
1670841990,1.023,0.103
1670841990,1.023,0.099
1670841991,1.022,0.1
1670841991,1.019,0.106
1670841991,1.021,0.106
1670841991,1.017,0.107
1670841991,1.022,0.102
1670841991,1.023,0.098
1670841991,1.019,0.092
1670841991,1.022,0.095
1670841991,1.019,0.109
1670841991,1.019,0.097
1670841991,1.018,0.104
1670841991,1.021,0.099
1670841991,1.02,0.106
1670841991,1.026,0.112
1670841991,1.021,0.1
1670841991,1.021,0.103
1670841991,1.022,0.103
1670841991,1.021,0.104
1670841991,1.024,0.101
1670841991,1.022,0.099
1670841992,1.024,0.098
1670841992,1.023,0.106
1670841992,1.023,0.1
1670841992,1.021,0.096
1670841992,1.023,0.099
1670841992,1.021,0.098
1670841992,1.022,0.096
1670841992,1.02,0.1
1670841992,1.022,0.1
1670841992,1.021,0.101
1670841992,1.017,0.105
1670841992,1.021,0.1
1670841992,1.022,0.103
1670841992,1.012,0.102
1670841992,1.02,0.095
1670841992,1.02,0.1
1670841992,1.019,0.097
1670841992,1.02,0.098
1670841992,1.02,0.102
1670841992,1.018,0.1
1670841993,1.021,0.102
1670841993,1.017,0.098
1670841993,1.023,0.096
1670841993,1.022,0.102
1670841993,1.02,0.092
1670841993,1.02,0.096
1670841993,1.021,0.102
1670841993,1.021,0.096
1670841993,1.022,0.093
1670841993,1.023,0.088
1670841993,1.023,0.098
1670841993,1.022,0.102
1670841993,1.022,0.1
1670841993,1.02,0.102
1670841993,1.022,0.103
1670841993,1.023,0.107
1670841993,1.023,0.091
1670841993,1.021,0.099
1670841993,1.021,0.095
1670841993,1.021,0.103
1670841994,1.022,0.098
1670841994,1.02,0.097
1670841994,1.018,0.093
1670841994,1.025,0.105
1670841994,1.019,0.098
1670841994,1.021,0.104
1670841994,1.023,0.09
1670841994,1.02,0.1
1670841994,1.018,0.104
1670841994,1.022,0.095
1670841994,1.02,0.102
1670841994,1.025,0.103
1670841994,1.021,0.102
1670841994,1.023,0.098
1670841994,1.019,0.082
1670841994,1.019,0.109
1670841994,1.023,0.097
1670841994,1.024,0.1
1670841994,1.019,0.106
1670841994,1.02,0.106
1670841995,1.021,0.092
1670841995,1.02,0.11
1670841995,1.017,0.093
1670841995,1.018,0.099
1670841995,1.021,0.093
1670841995,1.023,0.123
1670841995,1.019,0.056
1670841995,1.022,0.119
1670841995,1.022,0.079
1670841995,1.022,0.107
1670841995,1.022,0.103
1670841995,1.021,0.095
1670841995,1.022,0.084
1670841995,1.021,0.112
1670841995,1.018,0.1
1670841995,1.02,0.111
1670841995,1.02,0.106
1670841995,1.02,0.111
1670841995,1.021,0.111
1670841995,1.02,0.101
1670841996,1.019,0.102
1670841996,1.02,0.088
1670841996,1.021,0.098
1670841996,1.02,0.099
1670841996,1.019,0.11
1670841996,1.022,0.094
1670841996,1.019,0.102
1670841996,1.024,0.1
1670841996,1.022,0.1
1670841996,1.024,0.105
1670841996,1.02,0.1
1670841996,1.02,0.097
1670841996,1.02,0.091
1670841996,1.019,0.103
1670841996,1.022,0.103
1670841996,1.022,0.099
1670841996,1.019,0.1
1670841996,1.023,0.099
1670841996,1.021,0.098
1670841996,1.022,0.105
1670841997,1.02,0.108
1670841997,1.021,0.102
1670841997,1.021,0.101
1670841997,1.018,0.097
1670841997,1.018,0.091
1670841997,1.022,0.097
1670841997,1.02,0.098
1670841997,1.021,0.11
1670841997,1.025,0.099
1670841997,1.023,0.096
1670841997,1.02,0.098
1670841997,1.023,0.099
1670841997,1.021,0.096
1670841997,1.02,0.093
1670841997,1.018,0.103
1670841997,1.019,0.104
1670841997,1.021,0.095
1670841997,1.022,0.095
1670841997,1.02,0.097
1670841997,1.022,0.098
1670841998,1.021,0.095
1670841998,1.016,0.1
1670841998,1.02,0.103
1670841998,1.022,0.098
1670841998,1.021,0.095
1670841998,1.02,0.098
1670841998,1.02,0.104
1670841998,1.02,0.1
1670841998,1.021,0.104
1670841998,1.018,0.098
1670841998,1.02,0.09
1670841998,1.02,0.102
1670841998,1.022,0.1
1670841998,1.021,0.109
1670841998,1.02,0.099
1670841998,1.024,0.093
1670841998,1.02,0.091
1670841998,1.021,0.101
1670841998,1.021,0.099
1670841998,1.023,0.099
1670841999,1.018,0.107
1670841999,1.022,0.096
1670841999,1.024,0.102
1670841999,1.024,0.095
1670841999,1.022,0.1
1670841999,1.022,0.105
1670841999,1.021,0.094
1670841999,1.022,0.097
1670841999,1.02,0.097
1670841999,1.019,0.101
1670841999,1.021,0.102
1670841999,1.018,0.119
1670841999,1.019,0.104
1670841999,1.017,0.096
1670841999,1.024,0.091
1670841999,1.021,0.11
1670841999,1.018,0.097
1670841999,1.021,0.104
1670841999,1.021,0.099
1670841999,1.018,0.103
1670842000,1.02,0.096
1670842000,1.02,0.1
1670842000,1.024,0.101
1670842000,1.022,0.105
1670842000,1.021,0.099
1670842000,1.021,0.1
1670842000,1.021,0.089
1670842000,1.021,0.103
1670842000,1.021,0.104
1670842000,1.019,0.103
1670842000,1.022,0.102
1670842000,1.02,0.103
1670842000,1.02,0.106
1670842000,1.02,0.084
1670842000,1.022,0.105
1670842000,1.019,0.077
1670842000,1.021,0.092
1670842000,1.018,0.08
1670842000,1.022,0.078
1670842000,1.021,0.077
1670842001,1.024,0.11
1670842001,1.02,0.11
1670842001,1.02,0.097
1670842001,1.021,0.06
1670842001,1.02,0.103
1670842001,1.019,0.119
1670842001,1.021,0.099
1670842001,1.023,0.082
1670842001,1.026,0.114
1670842001,1.015,0.091
1670842001,1.022,0.125
1670842001,1.02,0.118
1670842001,1.022,0.089
1670842001,1.023,0.127
1670842001,1.021,0.106
1670842001,1.02,0.106
1670842001,1.018,0.077
1670842001,1.019,0.098
1670842001,1.021,0.103
1670842001,1.018,0.07
1670842002,1.021,0.068
1670842002,1.019,0.095
1670842002,1.019,0.13
1670842002,1.02,0.112
1670842002,1.019,0.112
1670842002,1.022,0.106
1670842002,1.02,0.111
1670842002,1.019,0.058
1670842002,1.02,0.073
1670842002,1.021,0.123
1670842002,1.022,0.127
1670842002,1.019,0.16
1670842002,1.02,0.132
1670842002,1.023,0.092
1670842002,1.022,0.059
1670842002,1.019,0.145
1670842002,1.021,0.101
1670842002,1.019,0.047
1670842002,1.02,0.1
1670842002,1.02,0.095
1670842003,1.021,0.067
1670842003,1.02,0.124
1670842003,1.021,0.087
1670842003,1.019,0.101
1670842003,1.019,0.104
1670842003,1.019,0.092
1670842003,1.022,0.12
1670842003,1.021,0.101
1670842003,1.018,0.08
1670842003,1.024,0.103
1670842003,1.021,0.125
1670842003,1.021,0.101
1670842003,1.021,0.12
1670842003,1.023,0.034
1670842003,1.024,0.062
1670842003,1.02,0.102
1670842003,1.021,0.1
1670842003,1.023,0.113
1670842003,1.02,0.091
1670842003,1.019,0.094
1670842004,1.019,0.077
1670842004,1.022,0.11
1670842004,1.019,0.116
1670842004,1.018,0.106
1670842004,1.021,0.122
1670842004,1.021,0.088
1670842004,1.019,0.105
1670842004,1.022,0.074
1670842004,1.023,0.132
1670842004,1.019,0.084
1670842004,1.023,0.038
1670842004,1.023,0.121
1670842004,1.023,0.078
1670842004,1.021,0.104
1670842004,1.02,0.125
1670842004,1.021,0.111
1670842004,1.02,0.073
1670842004,1.017,0.053
1670842004,1.02,0.073
1670842004,1.018,0.082
1670842005,1.022,0.1
1670842005,1.019,0.039
1670842005,1.018,0.101
1670842005,1.02,0.076
1670842005,1.02,0.055
1670842005,1.022,0.127
1670842005,1.02,0.075
1670842005,1.019,0.094
1670842005,1.022,0.064
1670842005,1.019,0.073
1670842005,1.023,0.143
1670842005,1.023,0.081
1670842005,1.019,0.061
1670842005,1.022,0.193
1670842005,1.026,0.141
1670842005,1.02,0.073
1670842005,1.021,0.12
1670842005,1.023,0.102
1670842005,1.023,0.129
1670842005,1.02,0.095
1670842006,1.021,0.101
1670842006,1.022,0.088
1670842006,1.018,0.125
1670842006,1.02,0.071
1670842006,1.021,0.136
1670842006,1.02,0.082
1670842006,1.019,0.131
1670842006,1.021,0.076
1670842006,1.024,0.113
1670842006,1.022,0.109
1670842006,1.02,0.057
1670842006,1.025,0.105
1670842006,1.023,0.123
1670842006,1.019,0.072
1670842006,1.023,0.102
1670842006,1.02,0.091
1670842006,1.023,0.098
1670842006,1.023,0.126
1670842006,1.023,0.106
1670842006,1.019,0.078
1670842007,1.022,0.1
1670842007,1.02,0.098
1670842007,1.026,0.112
1670842007,1.02,0.083
1670842007,1.024,0.105
1670842007,1.02,0.114
1670842007,1.022,0.098
1670842007,1.021,0.105
1670842007,1.021,0.1
1670842007,1.017,0.104
1670842007,1.021,0.076
1670842007,1.022,0.095
1670842007,1.021,0.1
1670842007,1.022,0.094
1670842007,1.02,0.1
1670842007,1.017,0.105
1670842007,1.02,0.102
1670842007,1.022,0.099
1670842007,1.021,0.103
1670842007,1.022,0.1
1670842008,1.022,0.101
1670842008,1.023,0.102
1670842008,1.021,0.096
1670842008,1.021,0.101
1670842008,1.018,0.102
1670842008,1.02,0.099
1670842008,1.021,0.106
1670842008,1.022,0.098
1670842008,1.019,0.093
1670842008,1.022,0.094
1670842008,1.022,0.101
1670842008,1.022,0.098
1670842008,1.023,0.093
1670842008,1.022,0.099
1670842008,1.021,0.094
1670842008,1.018,0.099
1670842008,1.021,0.101
1670842008,1.022,0.1
1670842008,1.021,0.1
1670842008,1.019,0.099
1670842009,1.024,0.106
1670842009,1.022,0.113
1670842009,1.019,0.108
1670842009,1.021,0.096
1670842009,1.022,0.103
1670842009,1.019,0.092
1670842009,1.02,0.099
1670842009,1.018,0.095
1670842009,1.022,0.099
1670842009,1.021,0.104
1670842009,1.02,0.094
1670842009,1.017,0.027
1670842009,1.022,0.101
1670842009,1.019,0.1
1670842009,1.023,0.088
1670842009,1.02,0.097
1670842009,1.022,0.098
1670842009,1.019,0.108
1670842009,1.021,0.103
1670842009,1.018,0.099
1670842010,1.022,0.097
1670842010,1.021,0.087
1670842010,1.021,0.095
1670842010,1.021,0.1
1670842010,1.02,0.097
1670842010,1.021,0.095
1670842010,1.02,0.102
1670842010,1.019,0.099
1670842010,1.018,0.1
1670842010,1.021,0.098
1670842010,1.02,0.094
1670842010,1.022,0.105
1670842010,1.019,0.091
1670842010,1.022,0.104
1670842010,1.022,0.104
1670842010,1.02,0.092
1670842010,1.019,0.094
1670842010,1.021,0.102
1670842010,1.022,0.106
1670842010,1.018,0.1
1670842011,1.021,0.101
1670842011,1.02,0.094
1670842011,1.022,0.097
1670842011,1.02,0.105
1670842011,1.02,0.094
1670842011,1.022,0.101
1670842011,1.021,0.097
1670842011,1.021,0.107
1670842011,1.019,0.107
1670842011,1.022,0.1
1670842011,1.021,0.094
1670842011,1.519,0.102
1670842011,2.459,0.104
1670842011,2.459,0.093
1670842011,2.455,0.092
1670842011,2.457,0.11
1670842011,2.456,0.107
1670842011,2.456,0.096
1670842011,2.46,0.095
1670842011,2.456,0.111
1670842012,2.46,0.105
1670842012,2.457,0.095
1670842012,2.457,0.107
1670842012,2.457,0.102
1670842012,2.461,0.103
1670842012,2.46,0.1
1670842012,2.456,0.1
1670842012,1.119,0.116
1670842012,1.024,0.1
1670842012,1.019,0.103
1670842012,1.021,3.02
1670842012,1.02,8.231
1670842012,1.021,8.219
1670842012,1.019,8.221
1670842012,1.019,8.226
1670842012,1.019,8.222
1670842012,1.022,8.229
1670842012,1.017,8.226
1670842012,1.019,8.223
1670842012,1.018,8.227
1670842013,1.02,8.23
1670842013,1.02,8.227
1670842013,1.022,8.222
1670842013,1.02,8.24
1670842013,1.019,8.219
1670842013,1.022,7.737
1670842013,1.02,0.103
1670842013,1.023,0.106
1670842013,1.019,0.101
1670842013,1.02,0.101
1670842013,1.021,0.094
1670842013,1.02,0.098
1670842013,1.021,0.104
1670842013,1.02,0.097
1670842013,1.022,0.101
1670842013,1.023,0.101
1670842013,1.021,0.098
1670842013,1.019,0.098
1670842013,1.022,0.099
1670842013,1.019,0.096
1670842014,1.019,0.106
1670842014,1.02,0.104
1670842014,1.021,0.102
1670842014,1.024,0.103
1670842014,1.022,0.098
1670842014,1.022,0.092
1670842014,1.021,0.099
1670842014,1.021,0.097
1670842014,1.021,0.095
1670842014,1.021,0.096
1670842014,1.363,0.099
1670842014,2.458,0.101
1670842014,2.458,0.105
1670842014,2.457,0.1
1670842014,2.457,0.097
1670842014,2.457,0.111
1670842014,2.455,0.106
1670842014,2.456,0.102
1670842014,2.454,0.097
1670842014,2.452,0.103
1670842015,2.457,0.102
1670842015,2.456,0.103
1670842015,2.454,0.099
1670842015,2.455,0.099
1670842015,2.457,0.1
1670842015,2.456,0.108
1670842015,1.796,0.099
1670842015,1.022,0.107
1670842015,1.021,0.099
1670842015,1.022,0.103
1670842015,1.017,7.576
1670842015,1.022,8.219
1670842015,1.016,8.225
1670842015,1.019,8.227
1670842015,1.019,8.224
1670842015,1.016,8.225
1670842015,1.019,8.218
1670842015,1.018,8.225
1670842015,1.019,8.231
1670842015,1.02,8.224
1670842016,1.022,8.225
1670842016,1.018,8.229
1670842016,1.022,8.229
1670842016,1.708,8.226
1670842016,2.458,8.227
1670842016,2.453,1.401
1670842016,2.457,0.11
1670842016,2.457,0.102
1670842016,2.459,0.1
1670842016,2.46,0.102
1670842016,2.456,0.1
1670842016,2.462,0.103
1670842016,2.453,0.104
1670842016,2.455,0.097
1670842016,2.454,0.087
1670842016,2.052,0.101
1670842016,1.019,0.097
1670842016,1.02,0.105
1670842016,1.022,0.103
1670842016,1.023,0.103
1670842017,1.022,0.101
1670842017,1.017,0.102
1670842017,1.021,0.103
1670842017,1.021,6.916
1670842017,1.019,8.219
1670842017,1.021,8.226
1670842017,1.019,8.218
1670842017,1.019,8.225
1670842017,1.942,8.229
1670842017,2.459,8.221
1670842017,2.455,8.226
1670842017,2.457,8.221
1670842017,2.457,8.219
1670842017,2.453,5.469
1670842017,2.458,0.104
1670842017,2.459,0.093
1670842017,2.458,0.09
1670842017,2.454,0.11
1670842017,2.456,0.099
1670842017,2.453,0.083
1670842018,2.458,0.105
1670842018,1.767,0.088
1670842018,1.022,0.117
1670842018,1.019,0.091
1670842018,1.024,0.083
1670842018,1.021,0.079
1670842018,1.022,0.099
1670842018,1.021,0.938
1670842018,1.02,8.233
1670842018,1.019,8.228
1670842018,1.021,8.243
1670842018,1.018,8.231
1670842018,1.022,8.231
1670842018,1.016,8.229
1670842018,1.022,8.224
1670842018,1.019,8.224
1670842018,1.024,8.227
1670842018,1.019,8.223
1670842018,1.022,8.23
1670842018,1.021,4.992
1670842019,1.02,0.077
1670842019,1.022,0.098
1670842019,1.022,0.109
1670842019,1.021,0.061
1670842019,1.02,0.115
1670842019,1.024,0.171
1670842019,1.024,0.133
1670842019,1.019,0.097
1670842019,1.022,0.134
1670842019,1.02,0.067
1670842019,1.019,0.097
1670842019,1.02,0.049
1670842019,1.02,0.092
1670842019,1.021,0.086
1670842019,1.02,0.118
1670842019,1.021,0.027
1670842019,1.02,0.091
1670842019,1.022,0.088
1670842019,1.021,0.11
1670842019,1.021,0.063
1670842020,1.019,0.075
1670842020,1.021,0.08
1670842020,1.02,0.136
1670842020,1.022,0.124
1670842020,1.019,0.054
1670842020,1.019,0.096
1670842020,1.023,0.095
1670842020,1.023,0.116
1670842020,1.025,0.083
1670842020,1.02,0.064
1670842020,1.023,0.152
1670842020,1.022,0.076
1670842020,1.019,0.081
1670842020,1.022,0.042
1670842020,1.023,0.082
1670842020,1.022,0.076
1670842020,1.019,0.098
1670842020,1.022,0.116
1670842020,1.022,0.106
1670842020,1.019,0.096
1670842021,1.022,0.13
1670842021,1.02,0.095
1670842021,1.02,0.13
1670842021,1.021,0.085
1670842021,1.023,0.07
1670842021,1.023,0.112
1670842021,1.026,0.15
1670842021,1.019,0.086
1670842021,1.023,0.11
1670842021,1.024,0.156
1670842021,1.023,0.107
1670842021,1.021,0.041
1670842021,1.022,0.092
1670842021,1.023,0.076
1670842021,1.025,0.165
1670842021,1.023,0.093
1670842021,1.024,0.135
1670842021,1.024,0.119
1670842021,1.024,0.113
1670842021,1.023,0.084
1670842022,1.023,0.128
1670842022,1.022,0.075
1670842022,1.022,0.079
1670842022,1.024,0.127
1670842022,1.021,0.103
1670842022,1.019,0.027
1670842022,1.019,0.113
1670842022,1.021,0.096
1670842022,1.022,0.128
1670842022,1.018,0.117
1670842022,1.022,0.11
1670842022,1.021,0.066
1670842022,1.024,-0.168
1670842022,1.026,0.11
1670842022,1.023,0.098
1670842022,1.02,0.115
1670842022,1.023,0.107
1670842022,1.022,0.089
1670842022,1.02,0.089
1670842022,1.023,0.097
1670842023,1.021,0.103
1670842023,1.019,0.07
1670842023,1.023,0.093
1670842023,1.017,0.08
1670842023,1.02,0.152
1670842023,1.02,0.098
1670842023,1.023,0.126
1670842023,1.023,0.114
1670842023,1.022,0.087
1670842023,1.021,0.085
1670842023,1.023,0.099
1670842023,1.022,0.073
1670842023,1.019,0.048
1670842023,1.024,0.118
1670842023,1.021,0.105
1670842023,1.025,0.115
1670842023,1.025,0.113
1670842023,1.017,0.103
1670842023,1.022,0.081
1670842023,1.022,0.109
1670842024,1.023,0.087
1670842024,1.025,0.086
1670842024,1.024,0.098
1670842024,1.026,0.102
1670842024,1.022,0.107
1670842024,1.02,0.111
1670842024,1.019,0.106
1670842024,1.021,0.096
1670842024,1.022,0.11
1670842024,1.022,0.101
1670842024,1.02,0.101
1670842024,1.024,0.106
1670842024,1.023,0.106
1670842024,1.029,0.099
1670842024,1.022,0.086
1670842024,1.024,0.097
1670842024,1.024,0.093
1670842024,1.026,0.104
1670842024,1.019,0.098
1670842024,1.02,0.101
1670842025,1.019,0.093
1670842025,1.024,0.103
1670842025,1.023,0.096
1670842025,1.024,0.102
1670842025,1.022,0.098
1670842025,1.021,0.097
1670842025,1.023,0.099
1670842025,1.022,0.094
1670842025,1.021,0.095
1670842025,1.022,0.099
1670842025,1.019,0.098
1670842025,1.021,0.103
1670842025,1.022,0.106
1670842025,1.021,0.111
1670842025,1.02,0.1
1670842025,1.024,0.094
1670842025,1.021,0.104
1670842025,1.023,0.091
1670842025,1.022,0.106
1670842025,1.022,0.103
1670842026,1.022,0.103
1670842026,1.021,0.101
1670842026,1.021,0.102
1670842026,1.024,0.093
1670842026,1.021,0.102
1670842026,1.023,0.099
1670842026,1.021,0.095
1670842026,1.023,0.094
1670842026,1.022,0.096
1670842026,1.023,0.11
1670842026,1.022,0.101
1670842026,1.024,0.092
1670842026,1.021,0.105
1670842026,1.022,0.107
1670842026,1.039,0.096
1670842026,1.022,0.107
1670842026,1.022,0.101
1670842026,1.023,0.1
1670842026,1.023,0.098
1670842026,1.022,0.103
1670842027,1.021,0.098
1670842027,1.02,0.103
1670842027,1.021,0.096
1670842027,1.026,0.095
1670842027,1.023,0.102
1670842027,1.023,0.098
1670842027,1.02,0.099
1670842027,1.024,0.098
1670842027,1.023,0.103
1670842027,1.022,0.104
1670842027,1.023,0.099
1670842027,1.02,0.103
1670842027,1.022,0.104
1670842027,1.023,0.103
1670842027,1.023,0.096
1670842027,1.02,0.101
1670842027,1.021,0.1
1670842027,1.02,0.109
1670842027,1.022,0.099
1670842027,1.022,0.106
1670842028,1.02,0.102
1670842028,1.024,0.097
1670842028,1.021,0.11
1670842028,1.019,0.104
1670842028,1.021,0.108
1670842028,1.023,0.098
1670842028,1.024,0.099
1670842028,1.021,0.098
1670842028,1.025,0.099
1670842028,1.021,0.099
1670842028,1.018,0.103
1670842028,1.023,0.111
1670842028,1.018,0.098
1670842028,1.022,0.095
1670842028,1.023,0.101
1670842028,1.021,0.099
1670842028,1.025,0.104
1670842028,1.021,0.1
1670842028,1.021,0.102
1670842028,1.02,0.102
1670842029,1.019,0.095
1670842029,1.022,0.102
1670842029,1.023,0.096
1670842029,1.019,0.104
1670842029,1.023,0.108
1670842029,1.022,0.139
1670842029,1.021,0.043
1670842029,1.02,0.102
1670842029,1.02,0.066
1670842029,1.019,0.105
1670842029,1.02,0.091
1670842029,1.025,0.099
1670842029,1.021,0.108
1670842029,1.022,0.112
1670842029,1.023,0.099
1670842029,1.023,0.117
1670842029,1.022,0.1
1670842029,1.021,0.1
1670842029,1.021,0.104
1670842029,1.022,0.098
1670842030,1.018,0.106
1670842030,1.019,0.102
1670842030,1.023,0.106
1670842030,1.019,0.097
1670842030,1.018,0.102
1670842030,1.022,0.103
1670842030,1.018,0.102
1670842030,1.019,0.099
1670842030,1.018,0.097
1670842030,1.02,0.103
1670842030,1.022,0.108
1670842030,1.022,0.101
1670842030,1.02,0.094
1670842030,1.02,0.102
1670842030,1.02,0.104
1670842030,1.018,0.103
1670842030,1.02,0.102
1670842030,1.019,0.102
1670842030,1.02,0.105
1670842030,1.02,0.103
1670842031,1.021,0.094
1670842031,1.021,0.104
1670842031,1.021,0.103
1670842031,1.021,0.101
1670842031,1.021,0.1
1670842031,1.023,0.097
1670842031,1.023,0.108
1670842031,1.021,0.107
1670842031,1.023,0.095
1670842031,1.023,0.101
1670842031,1.02,0.099
1670842031,1.023,0.104
1670842031,1.021,0.097
1670842031,1.02,0.101
1670842031,1.021,0.097
1670842031,1.021,0.103
1670842031,1.023,0.096
1670842031,1.022,0.104
1670842031,1.023,0.097
1670842031,1.021,0.098
1670842032,1.019,0.1
1670842032,1.019,0.108
1670842032,1.023,0.098
1670842032,1.019,0.096
1670842032,1.02,0.101
1670842032,1.022,0.093
1670842032,1.022,0.102
1670842032,1.022,0.091
1670842032,1.02,0.107
1670842032,1.022,0.094
1670842032,1.021,0.093
1670842032,1.02,0.099
1670842032,1.022,0.098
1670842032,1.02,0.103
1670842032,1.022,0.103
1670842032,1.021,0.1
1670842032,1.018,0.094
1670842032,1.023,0.091
1670842032,1.02,0.106
1670842032,1.024,0.098
1670842033,1.022,0.093
1670842033,1.02,0.099
1670842033,1.023,0.101
1670842033,1.019,0.098
1670842033,1.02,0.106
1670842033,1.019,0.1
1670842033,1.021,0.11
1670842033,1.021,0.099
1670842033,1.024,0.101
1670842033,1.024,0.1
1670842033,1.021,0.094
1670842033,1.022,0.104
1670842033,1.023,0.092
1670842033,1.022,0.099
1670842033,1.024,0.099
1670842033,1.022,0.104
1670842033,1.021,0.099
1670842033,1.02,0.095
1670842033,1.02,0.109
1670842033,1.025,0.094
1670842034,1.021,0.1
1670842034,1.023,0.099
1670842034,1.019,0.094
1670842034,1.022,0.109
1670842034,1.02,0.104
1670842034,1.02,0.097
1670842034,1.019,0.1
1670842034,1.022,0.097
1670842034,1.023,0.103
1670842034,1.02,0.106
1670842034,1.02,0.105
1670842034,1.02,0.081
1670842034,1.019,0.108
1670842034,1.017,0.091
1670842034,1.021,0.089
1670842034,1.017,0.107
1670842034,1.02,0.085
1670842034,1.021,0.091
1670842034,1.021,0.102
1670842034,1.022,0.107
1670842035,1.018,0.093
1670842035,1.022,0.102
1670842035,1.018,0.073
1670842035,1.023,0.094
1670842035,1.022,0.092
1670842035,1.019,0.088
1670842035,1.021,0.131
1670842035,1.016,0.087
1670842035,1.019,0.096
1670842035,1.023,0.128
1670842035,1.018,0.087
1670842035,1.022,0.127
1670842035,1.02,0.088
1670842035,1.019,0.099
1670842035,1.022,0.08
1670842035,1.02,0.109
1670842035,1.019,0.127
1670842035,1.02,0.093
1670842035,1.022,0.106
1670842035,1.023,0.072
1670842036,1.019,0.107
1670842036,1.021,0.079
1670842036,1.024,0.121
1670842036,1.022,0.069
1670842036,1.023,0.112
1670842036,1.022,0.136
1670842036,1.023,0.091
1670842036,1.021,0.091
1670842036,1.02,0.099
1670842036,1.024,0.143
1670842036,1.02,0.086
1670842036,1.021,0.099
1670842036,1.02,0.065
1670842036,1.021,0.098
1670842036,1.021,0.142
1670842036,1.017,0.049
1670842036,1.02,0.094
1670842036,1.022,0.12
1670842036,1.019,0.093
1670842036,1.02,0.105
1670842037,1.02,0.105
1670842037,1.024,0.139
1670842037,1.021,0.084
1670842037,1.023,0.103
1670842037,1.023,0.097
1670842037,1.02,0.083
1670842037,1.02,0.066
1670842037,1.021,0.116
1670842037,1.021,0.069
1670842037,1.019,0.029
1670842037,1.022,0.127
1670842037,1.021,0.056
1670842037,1.022,0.144
1670842037,1.019,0.082
1670842037,1.023,0.065
1670842037,1.018,0.128
1670842037,1.02,0.013
1670842037,1.02,0.086
1670842037,1.021,0.095
1670842037,1.02,0.076
1670842038,1.023,0.104
1670842038,1.022,0.087
1670842038,1.018,0.103
1670842038,1.022,0.106
1670842038,1.021,0.101
1670842038,1.018,0.064
1670842038,1.02,0.138
1670842038,1.019,0.082
1670842038,1.022,0.126
1670842038,1.019,0.068
1670842038,1.022,0.123
1670842038,1.02,0.085
1670842038,1.021,0.154
1670842038,1.021,0.122
1670842038,1.019,0.142
1670842038,1.021,0.089
1670842038,1.02,0.068
1670842038,1.02,0.088
1670842038,1.019,0.081
1670842038,1.02,0.114
1670842039,1.019,0.048
1670842039,1.023,0.152
1670842039,1.021,0.069
1670842039,1.022,0.068
1670842039,1.022,0.162
1670842039,1.02,0.106
1670842039,1.022,0.144
1670842039,1.022,0.114
1670842039,1.021,0.115
1670842039,1.019,0.077
1670842039,1.041,0.309
1670842039,1.02,0.108
1670842039,1.02,0.099
1670842039,1.025,0.138
1670842039,1.025,0.181
1670842039,1.022,0.08
1670842039,1.021,0.105
1670842039,1.018,0.107
1670842039,1.019,0.077
1670842039,1.021,0.151
1670842040,1.019,0.099
1670842040,1.019,0.124
1670842040,1.017,0.117
1670842040,1.021,0.105
1670842040,1.021,0.112
1670842040,1.021,0.102
1670842040,1.022,0.098
1670842040,1.018,0.093
1670842040,1.021,0.086
1670842040,1.018,0.107
1670842040,1.02,0.109
1670842040,1.019,0.113
1670842040,1.02,0.135
1670842040,1.02,0.099
1670842040,1.02,0.117
1670842040,1.02,0.097
1670842040,1.021,0.097
1670842040,1.02,0.091
1670842040,1.019,0.082
1670842040,1.019,0.106
1670842041,1.021,0.117
1670842041,1.021,0.103
1670842041,1.021,0.101
1670842041,1.022,0.107
1670842041,1.02,0.098
1670842041,1.021,0.104
1670842041,1.02,0.093
1670842041,1.019,0.085
1670842041,1.02,0.104
1670842041,1.021,0.091
1670842041,1.018,0.086
1670842041,1.013,0.125
1670842041,1.023,0.099
1670842041,1.019,0.106
1670842041,1.021,0.1
1670842041,1.019,0.095
1670842041,1.02,0.103
1670842041,1.018,0.105
1670842041,1.018,0.097
1670842041,1.019,0.105
1670842042,1.022,0.098
1670842042,1.022,0.103
1670842042,1.018,0.106
1670842042,1.022,0.109
1670842042,1.022,0.096
1670842042,1.019,0.105
1670842042,1.019,0.105
1670842042,1.021,0.1
1670842042,1.02,0.108
1670842042,1.02,0.102
1670842042,1.018,0.097
1670842042,1.021,0.1
1670842042,1.019,0.092
1670842042,1.021,0.101
1670842042,1.019,0.102
1670842042,1.016,0.097
1670842042,1.02,0.1
1670842042,1.02,0.098
1670842042,1.018,0.099
1670842042,1.021,0.097
1670842043,1.017,0.097
1670842043,1.022,0.107
1670842043,1.018,0.103
1670842043,1.02,0.105
1670842043,1.018,0.102
1670842043,1.017,0.101
1670842043,1.021,0.103
1670842043,1.017,0.095
1670842043,1.02,0.103
1670842043,1.019,0.103
1670842043,1.021,0.099
1670842043,1.019,0.103
1670842043,1.02,0.102
1670842043,1.02,0.107
1670842043,1.021,0.103
1670842043,1.021,0.106
1670842043,1.021,0.108
1670842043,1.019,0.101
1670842043,1.023,0.105
1670842043,1.018,0.105
1670842044,1.022,0.095
1670842044,1.023,0.097
1670842044,1.02,0.099
1670842044,1.018,0.099
1670842044,1.021,0.102
1670842044,1.019,0.099
1670842044,1.018,0.096
1670842044,1.021,0.099
1670842044,1.019,0.099
1670842044,1.021,0.103
1670842044,1.022,0.099
1670842044,1.022,0.097
1670842044,1.02,0.103
1670842044,1.023,0.106
1670842044,1.02,0.105
1670842044,1.021,0.101
1670842044,1.021,0.106
1670842044,1.02,0.106
1670842044,1.021,0.108
1670842044,1.019,0.101
1670842045,1.02,0.101
1670842045,1.019,0.101
1670842045,1.023,0.102
1670842045,1.021,0.107
1670842045,1.018,0.097
1670842045,1.019,0.106
1670842045,1.021,0.105
1670842045,1.021,0.104
1670842045,1.019,0.106
1670842045,1.019,0.1
1670842045,1.021,0.104
1670842045,1.024,0.101
1670842045,1.019,0.102
1670842045,1.019,0.101
1670842045,1.02,0.103
1670842045,1.018,0.097
1670842045,1.019,0.103
1670842045,1.02,0.1
1670842045,1.022,0.103
1670842045,1.019,0.103
1670842046,1.021,0.099
1670842046,1.02,0.098
1670842046,1.02,0.103
1670842046,1.019,0.098
1670842046,1.021,0.103
1670842046,1.02,0.103
1670842046,1.02,0.11
1670842046,1.022,0.098
1670842046,1.018,0.104
1670842046,1.02,0.097
1670842046,1.019,0.096
1670842046,1.019,0.1
1670842046,1.019,0.102
1670842046,1.022,0.1
1670842046,1.019,0.101
1670842046,1.018,0.104
1670842046,1.02,0.101
1670842046,1.02,0.103
1670842046,1.018,0.106
1670842046,1.017,0.096
1670842047,1.02,0.098
1670842047,1.018,0.094
1670842047,1.017,0.099
1670842047,1.021,0.093
1670842047,1.018,0.102
1670842047,1.02,0.101
1670842047,1.016,0.097
1670842047,1.023,0.107
1670842047,1.025,0.094
1670842047,1.023,0.104
1670842047,1.015,0.099
1670842047,1.021,0.108
1670842047,1.019,0.1
1670842047,1.018,0.108
1670842047,1.02,0.096
1670842047,1.016,0.098
1670842047,1.021,0.105
1670842047,1.018,0.106
1670842047,1.021,0.103
1670842047,1.018,0.105
1670842048,1.019,0.106
1670842048,1.021,0.104
1670842048,1.016,0.099
1670842048,1.019,0.096
1670842048,1.019,0.099
1670842048,1.018,0.093
1670842048,1.021,0.098
1670842048,1.021,0.097
1670842048,1.014,0.102
1670842048,1.02,0.096
1670842048,1.022,0.098
1670842048,1.02,0.096
1670842048,1.02,0.101
1670842048,1.018,0.101
1670842048,1.023,0.095
1670842048,1.017,0.11
1670842048,1.019,0.101
1670842048,1.021,0.1
1670842048,1.02,0.098
1670842048,1.017,0.11
1670842049,1.018,0.105
1670842049,1.016,0.098
1670842049,1.021,0.101
1670842049,1.019,0.103
1670842049,1.02,0.102
1670842049,1.017,0.099
1670842049,1.018,0.104
1670842049,1.019,0.099
1670842049,1.02,0.104
1670842049,1.019,0.093
1670842049,1.017,0.102
1670842049,1.021,0.094
1670842049,1.019,0.093
1670842049,1.016,0.105
1670842049,1.019,0.103
1670842049,1.019,0.103
1670842049,1.022,0.097
1670842049,1.018,0.101
1670842049,1.019,0.09
1670842049,1.022,0.097
1670842050,1.023,0.106
1670842050,1.02,0.096
1670842050,1.021,0.099
1670842050,1.019,0.1
1670842050,1.021,0.091
1670842050,1.021,0.1
1670842050,1.021,0.108
1670842050,1.021,0.105
1670842050,1.021,0.099
1670842050,1.019,0.106
1670842050,1.026,0.095
1670842050,1.022,0.11
1670842050,1.02,0.108
1670842050,1.019,0.1
1670842050,1.018,0.099
1670842050,1.018,0.103
1670842050,1.022,0.1
1670842050,1.021,0.091
1670842050,1.019,0.102
1670842050,1.021,0.09
1670842051,1.021,0.1
1670842051,1.021,0.1
1670842051,1.018,0.115
1670842051,1.021,0.104
1670842051,1.02,0.098
1670842051,1.018,0.094
1670842051,1.022,0.103
1670842051,1.022,0.098
1670842051,1.02,0.096
1670842051,1.02,0.102
1670842051,1.024,0.101
1670842051,1.02,0.098
1670842051,1.021,0.103
1670842051,1.019,0.094
1670842051,1.019,0.091
1670842051,1.017,0.099
1670842051,1.021,0.094
1670842051,1.017,0.098
1670842051,1.019,0.125
1670842051,1.015,0.092
1670842052,1.019,0.109
1670842052,1.019,0.105
1670842052,1.019,0.098
1670842052,1.018,0.093
1670842052,1.019,0.073
1670842052,1.019,0.074
1670842052,1.02,0.087
1670842052,1.022,0.103
1670842052,1.022,0.113
1670842052,1.02,0.11
1670842052,1.018,0.089
1670842052,1.023,0.098
1670842052,1.016,0.082
1670842052,1.022,0.125
1670842052,1.019,0.074
1670842052,1.018,0.103
1670842052,1.02,0.073
1670842052,1.021,0.11
1670842052,1.021,0.105
1670842052,1.022,0.165
1670842053,1.022,0.1
1670842053,1.023,0.13
1670842053,1.023,0.126
1670842053,1.019,0.119
1670842053,1.018,0.086
1670842053,1.019,0.087
1670842053,1.021,0.099
1670842053,1.019,0.089
1670842053,1.021,0.079
1670842053,1.018,0.053
1670842053,1.019,0.035
1670842053,1.024,0.105
1670842053,1.019,0.094
1670842053,1.019,0.144
1670842053,1.021,0.129
1670842053,1.02,0.082
1670842053,1.02,0.077
1670842053,1.022,0.1
1670842053,1.018,0.118
1670842053,1.017,0.088
1670842054,1.019,0.113
1670842054,1.021,0.111
1670842054,1.019,0.114
1670842054,1.019,0.11
1670842054,1.02,0.109
1670842054,1.016,0.072
1670842054,1.019,0.079
1670842054,1.02,0.107
1670842054,1.016,0.127
1670842054,1.018,0.054
1670842054,1.02,0.14
1670842054,1.02,0.112
1670842054,1.012,0.065
1670842054,1.02,0.084
1670842054,1.022,0.137
1670842054,1.02,0.115
1670842054,1.02,0.085
1670842054,1.021,0.087
1670842054,1.021,0.111
1670842054,1.02,0.077
1670842055,1.018,0.11
1670842055,1.021,0.159
1670842055,1.019,0.088
1670842055,1.022,0.069
1670842055,1.022,0.128
1670842055,1.019,0.071
1670842055,1.017,0.067
1670842055,1.02,0.082
1670842055,1.024,0.106
1670842055,1.022,0.132
1670842055,1.02,0.089
1670842055,1.023,0.125
1670842055,1.021,0.084
1670842055,1.02,0.05
1670842055,1.022,0.107
1670842055,1.021,0.064
1670842055,1.021,0.162
1670842055,1.022,0.134
1670842055,1.021,0.118
1670842055,1.021,0.11
1670842056,1.021,0.131
1670842056,1.019,0.103
1670842056,1.017,0.049
1670842056,1.021,0.162
1670842056,1.019,0.072
1670842056,1.02,0.114
1670842056,1.019,0.086
1670842056,1.017,0.06
1670842056,1.02,0.032
1670842056,1.023,0.088
1670842056,1.02,0.103
1670842056,1.022,0.069
1670842056,1.017,0.057
1670842056,1.026,0.081
1670842056,1.021,0.078
1670842056,1.022,0.114
1670842056,1.021,0.104
1670842056,1.021,0.132
1670842056,1.018,0.099
1670842056,1.019,0.068
1670842057,1.019,0.078
1670842057,1.021,0.133
1670842057,1.02,0.125
1670842057,1.022,0.092
1670842057,1.019,0.124
1670842057,1.021,0.123
1670842057,1.021,0.102
1670842057,1.021,0.088
1670842057,1.017,0.071
1670842057,1.02,0.109
1670842057,1.022,0.093
1670842057,1.021,0.106
1670842057,1.023,0.112
1670842057,1.015,0.07
1670842057,1.021,0.097
1670842057,1.022,0.125
1670842057,1.022,0.084
1670842057,1.021,0.141
1670842057,1.019,0.09
1670842057,1.021,0.1
1670842058,1.021,0.104
1670842058,1.02,0.117
1670842058,1.02,0.083
1670842058,1.018,0.116
1670842058,1.021,0.126
1670842058,1.021,0.102
1670842058,1.019,0.097
1670842058,1.023,0.099
1670842058,1.02,0.11
1670842058,1.021,0.101
1670842058,1.022,0.104
1670842058,1.02,0.104
1670842058,1.022,0.107
1670842058,1.02,0.095
1670842058,1.024,0.093
1670842058,1.018,0.107
1670842058,1.018,0.101
1670842058,1.023,0.103
1670842058,1.02,0.102
1670842058,1.02,0.096
1670842059,1.021,0.099
1670842059,1.025,0.112
1670842059,1.019,0.093
1670842059,1.018,0.094
1670842059,1.02,0.101
1670842059,1.021,0.095
1670842059,1.018,0.104
1670842059,1.017,0.099
1670842059,1.018,0.1
1670842059,1.017,0.104
1670842059,1.022,0.096
1670842059,1.02,0.098
1670842059,1.022,0.097
1670842059,1.018,0.103
1670842059,1.024,0.108
1670842059,1.02,0.095
1670842059,1.02,0.104
1670842059,1.018,0.092
1670842059,1.021,0.097
1670842059,1.02,0.096
1670842060,1.019,0.095
1670842060,1.02,0.111
1670842060,1.021,0.096
1670842060,1.022,0.107
1670842060,1.021,0.105
1670842060,1.023,0.098
1670842060,1.022,0.102
1670842060,1.019,0.105
1670842060,1.02,0.092
1670842060,1.021,0.097
1670842060,1.02,0.095
1670842060,1.022,0.1
1670842060,1.022,0.108
1670842060,1.021,0.097
1670842060,1.02,0.104
1670842060,1.021,0.107
1670842060,1.015,0.104
1670842060,1.022,0.099
1670842060,1.019,0.097
1670842060,1.022,0.099
1670842061,1.018,0.103
1670842061,1.019,0.107
1670842061,1.02,0.098
1670842061,1.02,0.109
1670842061,1.019,0.097
1670842061,1.021,0.101
1670842061,1.018,0.102
1670842061,1.023,0.101
1670842061,1.021,0.095
1670842061,1.022,0.101
1670842061,1.022,0.099
1670842061,1.021,0.097
1670842061,1.019,0.101
1670842061,1.019,0.1
1670842061,1.019,0.105
1670842061,1.02,0.101
1670842061,1.02,0.098
1670842061,1.021,0.094
1670842061,1.023,0.093
1670842061,1.022,0.1
1670842062,1.022,0.098
1670842062,1.022,0.105
1670842062,1.02,0.103
1670842062,1.025,0.1
1670842062,1.021,0.101
1670842062,1.02,0.096
1670842062,1.021,0.103
1670842062,1.021,0.103
1670842062,1.02,0.103
1670842062,1.02,0.1
1670842062,1.02,0.103
1670842062,1.019,0.1
1670842062,1.022,0.1
1670842062,1.021,0.094
1670842062,1.023,0.104
1670842062,1.019,0.098
1670842062,1.023,0.095
1670842062,1.023,0.098
1670842062,1.022,0.101
1670842062,1.015,0.101
1670842063,1.023,0.106
1670842063,1.018,0.093
1670842063,1.019,0.099
1670842063,1.02,0.096
1670842063,1.019,0.12
1670842063,1.023,0.078
1670842063,1.022,0.088
1670842063,1.019,0.086
1670842063,1.019,0.087
1670842063,1.02,0.098
1670842063,1.023,0.097
1670842063,1.02,0.111
1670842063,1.023,0.11
1670842063,1.019,0.112
1670842063,1.019,0.088
1670842063,1.023,0.121
1670842063,1.022,0.096
1670842063,1.019,0.109
1670842063,1.021,0.104
1670842063,1.018,0.108
1670842064,1.017,0.1
1670842064,1.021,0.104
1670842064,1.021,0.095
1670842064,1.023,0.105
1670842064,1.019,0.093
1670842064,1.021,0.097
1670842064,1.019,0.104
1670842064,1.02,0.103
1670842064,1.018,0.102
1670842064,1.021,0.098
1670842064,1.022,0.111
1670842064,1.019,0.096
1670842064,1.022,0.111
1670842064,1.016,0.098
1670842064,1.019,0.098
1670842064,1.017,0.099
1670842064,1.019,0.109
1670842064,1.02,0.097
1670842064,1.021,0.111
1670842064,1.019,0.099
1670842065,1.018,0.105
1670842065,1.02,0.107
1670842065,1.019,0.097
1670842065,1.018,0.104
1670842065,1.02,0.102
1670842065,1.02,0.102
1670842065,1.021,0.104
1670842065,1.022,0.101
1670842065,1.016,0.106
1670842065,1.022,0.103
1670842065,1.022,0.1
1670842065,1.023,0.097
1670842065,1.023,0.089
1670842065,1.022,0.1
1670842065,1.02,0.1
1670842065,1.019,0.097
1670842065,1.019,0.096
1670842065,1.02,0.104
1670842065,1.018,0.107
1670842065,1.023,0.1
1670842066,1.021,0.101
1670842066,1.021,0.095
1670842066,1.02,0.096
1670842066,1.019,0.11
1670842066,1.021,0.101
1670842066,1.021,0.107
1670842066,1.021,0.105
1670842066,1.019,0.107
1670842066,1.022,0.108
1670842066,1.022,0.104
1670842066,1.018,0.098
1670842066,1.022,0.091
1670842066,1.021,0.104
1670842066,1.019,0.099
1670842066,1.023,0.096
1670842066,1.023,0.102
1670842066,1.018,0.099
1670842066,1.02,0.101
1670842066,1.02,0.095
1670842066,1.02,0.101
1670842067,1.021,0.103
1670842067,1.018,0.102
1670842067,1.02,0.103
1670842067,1.018,0.108
1670842067,1.019,0.089
1670842067,1.019,0.101
1670842067,1.02,0.102
1670842067,1.018,0.102
1670842067,1.022,0.096
1670842067,1.019,0.103
1670842067,1.022,0.1
1670842067,1.022,0.095
1670842067,1.018,0.095
1670842067,1.018,0.091
1670842067,1.022,0.09
1670842067,1.024,0.104
1670842067,1.022,0.104
1670842067,1.015,0.099
1670842067,1.021,0.097
1670842067,1.021,0.1
1670842068,1.022,0.105
1670842068,1.019,0.103
1670842068,1.021,0.096
1670842068,1.019,0.106
1670842068,1.022,0.1
1670842068,1.023,0.104
1670842068,1.021,0.099
1670842068,1.019,0.116
1670842068,1.021,0.103
1670842068,1.022,0.105
1670842068,1.019,0.097
1670842068,1.021,0.082
1670842068,1.022,0.102
1670842068,1.02,0.077
1670842068,1.019,0.093
1670842068,1.019,0.077
1670842068,1.022,0.102
1670842068,1.019,0.111
1670842068,1.021,0.102
1670842068,1.019,0.093
1670842069,1.018,0.089
1670842069,1.023,0.106
1670842069,1.02,0.103
1670842069,1.022,0.099
1670842069,1.02,0.114
1670842069,1.023,0.101
1670842069,1.023,0.073
1670842069,1.02,0.103
1670842069,1.023,0.111
1670842069,1.02,0.119
1670842069,1.021,0.11
1670842069,1.021,0.087
1670842069,1.019,0.095
1670842069,1.02,0.095
1670842069,1.029,0.111
1670842069,1.019,0.119
1670842069,1.022,0.094
1670842069,1.018,0.102
1670842069,1.02,0.108
1670842069,1.019,0.067
1670842070,1.016,0.029
1670842070,1.021,0.051
1670842070,1.017,0.014
1670842070,1.021,0.105
1670842070,1.017,0.107
1670842070,1.018,0.07
1670842070,1.022,0.093
1670842070,1.019,0.142
1670842070,1.017,0.034
1670842070,1.023,0.146
1670842070,1.021,0.043
1670842070,1.022,0.106
1670842070,1.021,0.106
1670842070,1.019,0.124
1670842070,1.015,0.106
1670842070,1.017,0.121
1670842070,1.019,0.116
1670842070,1.022,0.134
1670842070,1.019,0.097
1670842070,1.019,0.129
1670842071,1.019,0.129
1670842071,1.019,0.115
1670842071,1.02,0.072
1670842071,1.02,0.115
1670842071,1.019,0.114
1670842071,1.021,0.106
1670842071,1.017,0.073
1670842071,1.021,0.09
1670842071,1.021,0.102
1670842071,1.016,0.106
1670842071,1.025,0.282
1670842071,1.018,0.053
1670842071,1.022,0.098
1670842071,1.023,0.145
1670842071,1.218,0.103
1670842071,2.454,0.092
1670842071,2.455,0.084
1670842071,2.457,0.101
1670842071,2.455,0.083
1670842071,2.454,0.067
1670842072,2.455,0.127
1670842072,2.457,0.069
1670842072,2.458,0.094
1670842072,2.453,0.074
1670842072,2.454,0.1
1670842072,2.459,0.111
1670842072,2.454,0.081
1670842072,2.453,0.128
1670842072,2.455,0.103
1670842072,1.583,0.086
1670842072,1.02,0.112
1670842072,1.021,0.074
1670842072,1.023,0.079
1670842072,1.02,0.244
1670842072,1.014,8.221
1670842072,1.018,8.215
1670842072,1.024,8.225
1670842072,1.023,8.22
1670842072,1.019,8.223
1670842072,1.017,8.226
1670842073,1.02,8.22
1670842073,1.019,8.229
1670842073,1.022,8.222
1670842073,1.022,8.222
1670842073,1.018,8.224
1670842073,1.021,8.228
1670842073,1.023,8.222
1670842073,1.019,7.904
1670842073,1.019,0.079
1670842073,1.021,0.172
1670842073,1.024,0.148
1670842073,1.02,0.108
1670842073,1.02,0.102
1670842073,1.023,0.134
1670842073,1.018,0.127
1670842073,1.02,0.093
1670842073,1.02,0.126
1670842073,1.022,0.06
1670842073,1.021,0.111
1670842073,1.02,0.119
1670842074,1.018,0.09
1670842074,1.022,0.077
1670842074,1.02,0.078
1670842074,1.022,0.121
1670842074,1.022,0.107
1670842074,1.019,0.084
1670842074,1.022,0.102
1670842074,1.017,0.093
1670842074,1.021,0.092
1670842074,1.019,0.089
1670842074,1.02,0.095
1670842074,1.018,0.035
1670842074,1.02,0.116
1670842074,1.021,0.116
1670842074,1.019,0.097
1670842074,1.512,0.088
1670842074,2.456,0.089
1670842074,2.459,0.093
1670842074,2.457,0.109
1670842074,2.456,0.106
1670842075,2.454,0.096
1670842075,2.456,0.101
1670842075,2.457,0.1
1670842075,2.455,0.1
1670842075,2.457,0.1
1670842075,2.455,0.098
1670842075,2.453,0.107
1670842075,2.455,0.105
1670842075,2.457,0.101
1670842075,2.454,0.091
1670842075,1.653,0.099
1670842075,1.02,0.094
1670842075,1.02,0.105
1670842075,1.02,0.097
1670842075,1.021,4.167
1670842075,1.02,8.224
1670842075,1.021,8.224
1670842075,1.02,8.228
1670842075,1.02,8.22
1670842075,1.021,8.225
1670842076,1.018,8.222
1670842076,1.02,8.227
1670842076,1.018,8.231
1670842076,1.022,8.232
1670842076,1.019,8.227
1670842076,1.022,8.23
1670842076,1.017,8.229
1670842076,1.021,8.224
1670842076,1.017,8.225
1670842076,1.479,0.913
1670842076,2.456,0.099
1670842076,2.459,0.099
1670842076,2.46,0.105
1670842076,2.454,0.107
1670842076,2.459,0.102
1670842076,2.456,0.104
1670842076,2.454,0.097
1670842076,2.456,0.089
1670842076,2.452,0.098
1670842076,2.457,0.097
1670842077,2.456,0.093
1670842077,2.455,0.102
1670842077,2.455,0.092
1670842077,2.457,0.099
1670842077,1.336,0.104
1670842077,1.019,0.102
1670842077,1.019,0.11
1670842077,1.019,0.102
1670842077,1.023,0.423
1670842077,1.019,8.225
1670842077,1.019,8.228
1670842077,1.308,8.224
1670842077,2.452,8.238
1670842077,2.454,8.228
1670842077,2.456,8.23
1670842077,2.458,8.232
1670842077,2.454,8.226
1670842077,2.457,8.226
1670842077,2.456,8.23
1670842077,2.453,8.224
1670842078,2.455,8.231
1670842078,2.455,8.225
1670842078,2.455,4.162
1670842078,2.459,0.104
1670842078,2.458,0.097
1670842078,2.454,0.102
1670842078,2.458,0.096
1670842078,1.883,0.106
1670842078,1.021,0.103
1670842078,1.023,0.097
1670842078,1.02,0.101
1670842078,1.024,5.619
1670842078,1.019,8.226
1670842078,1.015,8.218
1670842078,1.018,8.224
1670842078,1.021,8.231
1670842078,1.018,8.23
1670842078,1.02,8.225
1670842078,1.013,8.233
1670842078,1.02,8.223
1670842079,1.021,8.227
1670842079,1.019,8.222
1670842079,1.017,8.23
1670842079,1.019,8.235
1670842079,1.018,8.22
1670842079,1.018,8.229
1670842079,1.019,3.513
1670842079,1.021,0.105
1670842079,1.017,0.104
1670842079,1.024,0.1
1670842079,1.018,0.095
1670842079,1.021,0.1
1670842079,1.019,0.106
1670842079,1.02,0.1
1670842079,1.017,0.097
1670842079,1.021,0.099
1670842079,1.02,0.098
1670842079,1.018,0.093
1670842079,1.021,0.109
1670842079,1.019,0.102
1670842080,1.022,0.101
1670842080,1.024,0.097
1670842080,1.02,0.103
1670842080,1.02,0.096
1670842080,1.022,0.094
1670842080,1.017,0.097
1670842080,1.02,0.099
1670842080,1.019,0.095
1670842080,1.023,0.103
1670842080,1.018,0.096
1670842080,1.019,0.103
1670842080,1.022,0.101
1670842080,1.02,0.102
1670842080,1.023,0.095
1670842080,1.023,0.087
1670842080,1.024,0.102
1670842080,1.02,0.096
1670842080,1.023,0.098
1670842080,1.021,0.103
1670842080,1.02,0.108
1670842081,1.019,0.102
1670842081,1.019,0.098
1670842081,1.02,0.096
1670842081,1.021,0.098
1670842081,1.02,0.094
1670842081,1.019,0.098
1670842081,1.019,0.106
1670842081,1.02,0.1
1670842081,1.022,0.089
1670842081,1.02,0.095
1670842081,1.021,0.094
1670842081,1.022,0.099
1670842081,1.02,0.103
1670842081,1.021,0.095
1670842081,1.019,0.096
1670842081,1.021,0.095
1670842081,1.019,0.099
1670842081,1.021,0.093
1670842081,1.021,0.091
1670842081,1.021,0.089
1670842082,1.018,0.107
1670842082,1.02,0.094
1670842082,1.018,0.104
1670842082,1.02,0.103
1670842082,1.021,0.088
1670842082,1.019,0.098
1670842082,1.02,0.101
1670842082,1.021,0.111
1670842082,1.019,0.102
1670842082,1.023,0.098
1670842082,1.019,0.096
1670842082,1.022,0.094
1670842082,1.02,0.099
1670842082,1.02,0.093
1670842082,1.02,0.096
1670842082,1.018,0.097
1670842082,1.022,0.092
1670842082,1.021,0.1
1670842082,1.019,0.098
1670842082,1.02,0.098
1670842083,1.019,0.1
1670842083,1.019,0.098
1670842083,1.019,0.101
1670842083,1.02,0.1
1670842083,1.02,0.1
1670842083,1.02,0.102
1670842083,1.022,0.108
1670842083,1.02,0.103
1670842083,1.024,0.101
1670842083,1.02,0.096
1670842083,1.021,0.097
1670842083,1.02,0.11
1670842083,1.021,0.093
1670842083,1.021,0.102
1670842083,1.021,0.111
1670842083,1.019,0.102
1670842083,1.019,0.102
1670842083,1.02,0.1
1670842083,1.019,0.093
1670842083,1.022,0.105
1670842084,1.02,0.099
1670842084,1.018,0.098
1670842084,1.02,0.1
1670842084,1.02,0.102
1670842084,1.021,0.097
1670842084,1.021,0.101
1670842084,1.021,0.102
1670842084,1.021,0.098
1670842084,1.021,0.105
1670842084,1.02,0.105
1670842084,1.019,0.099
1670842084,1.019,0.107
1670842084,1.02,0.104
1670842084,1.018,0.108
1670842084,1.018,0.105
1670842084,1.021,0.103
1670842084,1.02,0.105
1670842084,1.021,0.091
1670842084,1.018,0.11
1670842084,1.022,0.096
1670842085,1.021,0.106
1670842085,1.019,0.103
1670842085,1.02,0.099
1670842085,1.023,0.102
1670842085,1.023,0.104
1670842085,1.021,0.101
1670842085,1.023,0.097
1670842085,1.021,0.094
1670842085,1.024,0.099
1670842085,1.019,0.103
1670842085,1.022,0.091
1670842085,1.015,0.097
1670842085,1.018,0.095
1670842085,1.022,0.11
1670842085,1.022,0.147
1670842085,1.016,0.095
1670842085,1.021,0.106
1670842085,1.022,0.112
1670842085,1.017,0.102
1670842085,1.019,0.081
1670842086,1.022,0.121
1670842086,1.021,0.097
1670842086,1.019,0.092
1670842086,1.018,0.079
1670842086,1.017,0.1
1670842086,1.022,0.09
1670842086,1.022,0.105
1670842086,1.02,0.097
1670842086,1.022,0.102
1670842086,1.018,0.115
1670842086,1.021,0.101
1670842086,1.023,0.13
1670842086,1.018,0.099
1670842086,1.02,0.106
1670842086,1.023,0.114
1670842086,1.016,0.102
1670842086,1.021,0.077
1670842086,1.02,0.121
1670842086,1.023,0.112
1670842086,1.021,0.093
1670842087,1.019,0.102
1670842087,1.018,0.073
1670842087,1.021,0.087
1670842087,1.019,0.072
1670842087,1.02,0.075
1670842087,1.021,0.093
1670842087,1.021,0.115
1670842087,1.02,0.124
1670842087,1.018,0.092
1670842087,1.019,0.115
1670842087,1.02,0.123
1670842087,1.021,0.091
1670842087,1.023,0.094
1670842087,1.022,0.117
1670842087,1.023,0.144
1670842087,1.022,0.128
1670842087,1.019,0.109
1670842087,1.021,0.095
1670842087,1.015,0.088
1670842087,1.018,0.088
1670842088,1.021,0.098
1670842088,1.023,0.106
1670842088,1.019,0.131
1670842088,1.022,0.132
1670842088,1.021,0.109
1670842088,1.016,0.073
1670842088,1.019,0.126
