,Channel A Last (V),Channel B Last (V)
1670339061,1.011,0.081
1670339061,1.009,0.087
1670339061,1.011,0.076
1670339061,1.011,0.08
1670339061,1.007,0.08
1670339061,1.011,0.081
1670339061,1.01,0.07
1670339061,1.012,0.067
1670339061,1.012,0.084
1670339061,1.012,0.082
1670339061,1.01,0.076
1670339061,1.011,0.073
1670339062,1.011,0.082
1670339062,1.009,0.079
1670339062,1.011,0.088
1670339062,1.01,0.079
1670339062,1.017,0.066
1670339062,1.012,0.079
1670339062,1.014,0.083
1670339062,1.01,0.086
1670339062,1.006,0.075
1670339062,1.008,0.079
1670339062,1.009,0.074
1670339062,1.012,0.089
1670339062,1.01,0.089
1670339062,1.011,0.077
1670339062,1.01,0.076
1670339062,1.009,0.082
1670339062,1.013,0.079
1670339062,1.011,0.079
1670339062,1.014,0.083
1670339062,1.012,0.081
1670339063,1.011,0.076
1670339063,1.011,0.076
1670339063,1.012,0.073
1670339063,1.01,0.086
1670339063,1.01,0.084
1670339063,1.009,0.073
1670339063,1.012,0.082
1670339063,1.008,0.076
1670339063,1.01,0.08
1670339063,1.013,0.083
1670339063,1.011,0.082
1670339063,1.01,0.078
1670339063,1.014,0.079
1670339063,1.01,0.086
1670339063,1.007,0.07
1670339063,1.013,0.075
1670339063,1.008,0.087
1670339063,1.01,0.076
1670339063,1.012,0.077
1670339063,1.01,0.087
1670339064,1.009,0.084
1670339064,1.008,0.077
1670339064,1.009,0.085
1670339064,1.01,0.082
1670339064,1.01,0.07
1670339064,1.012,0.076
1670339064,1.015,0.077
1670339064,1.008,0.078
1670339064,1.011,0.079
1670339064,1.011,0.082
1670339064,1.008,0.072
1670339064,1.011,0.081
1670339064,1.013,0.084
1670339064,1.011,0.081
1670339064,1.01,0.079
1670339064,1.008,0.082
1670339064,1.01,0.076
1670339064,1.01,0.078
1670339064,1.009,0.07
1670339064,1.01,0.073
1670339065,1.01,0.084
1670339065,1.011,0.08
1670339065,1.01,0.083
1670339065,1.009,0.076
1670339065,1.012,0.086
1670339065,1.013,0.069
1670339065,1.01,0.083
1670339065,1.006,0.078
1670339065,1.012,0.088
1670339065,1.008,0.075
1670339065,1.008,0.076
1670339065,1.012,0.07
1670339065,1.012,0.079
1670339065,1.008,0.079
1670339065,1.011,0.077
1670339065,1.01,0.08
1670339065,1.01,0.08
1670339065,1.013,0.084
1670339065,1.012,0.078
1670339065,1.013,0.08
1670339066,1.009,0.075
1670339066,1.012,0.078
1670339066,1.01,0.088
1670339066,1.008,0.082
1670339066,1.009,0.074
1670339066,1.009,0.075
1670339066,1.01,0.088
1670339066,1.01,0.075
1670339066,1.014,0.08
1670339066,1.009,0.085
1670339066,1.011,0.074
1670339066,1.011,0.086
1670339066,1.009,0.075
1670339066,1.008,0.077
1670339066,1.009,0.076
1670339066,1.012,0.079
1670339066,1.01,0.08
1670339066,1.013,0.077
1670339066,1.013,0.084
1670339066,1.01,0.083
1670339067,1.007,0.08
1670339067,1.01,0.085
1670339067,1.012,0.076
1670339067,1.009,0.076
1670339067,1.01,0.076
1670339067,1.013,0.081
1670339067,1.011,0.087
1670339067,1.008,0.075
1670339067,1.009,0.075
1670339067,1.008,0.079
1670339067,1.006,0.077
1670339067,1.01,0.083
1670339067,1.012,0.076
1670339067,1.01,0.089
1670339067,1.007,0.077
1670339067,1.01,0.072
1670339067,1.013,0.079
1670339067,1.008,0.082
1670339067,1.01,0.082
1670339067,1.01,0.086
1670339068,1.009,0.069
1670339068,1.014,0.079
1670339068,1.014,0.075
1670339068,1.008,0.08
1670339068,1.011,0.077
1670339068,1.01,0.079
1670339068,1.009,0.078
1670339068,1.009,0.079
1670339068,1.013,0.072
1670339068,1.01,0.078
1670339068,1.011,0.077
1670339068,1.012,0.081
1670339068,1.008,0.077
1670339068,1.009,0.075
1670339068,1.012,0.083
1670339068,1.006,0.084
1670339068,1.012,0.08
1670339068,1.01,0.078
1670339068,1.007,0.085
1670339068,1.009,0.074
1670339069,1.011,0.08
1670339069,1.008,0.074
1670339069,1.011,0.074
1670339069,1.007,0.086
1670339069,1.01,0.078
1670339069,1.009,0.072
1670339069,1.009,0.072
1670339069,1.007,0.072
1670339069,1.009,0.074
1670339069,1.008,0.082
1670339069,1.009,0.08
1670339069,1.01,0.076
1670339069,1.01,0.082
1670339069,1.01,0.074
1670339069,1.01,0.077
1670339069,1.01,0.072
1670339069,1.013,0.088
1670339069,1.01,0.076
1670339069,1.011,0.083
1670339069,1.01,0.08
1670339070,1.011,0.078
1670339070,1.01,0.082
1670339070,1.012,0.07
1670339070,1.022,0.088
1670339070,1.011,0.079
1670339070,1.01,0.075
1670339070,1.009,0.088
1670339070,1.012,0.08
1670339070,1.009,0.091
1670339070,1.007,0.09
1670339070,1.009,0.089
1670339070,1.007,0.079
1670339070,1.009,0.073
1670339070,1.009,0.086
1670339070,1.01,0.078
1670339070,1.011,0.079
1670339070,1.008,0.081
1670339070,1.011,0.086
1670339070,1.008,0.075
1670339070,1.011,0.081
1670339071,1.01,0.079
1670339071,1.01,0.086
1670339071,1.01,0.088
1670339071,1.011,0.09
1670339071,1.008,0.08
1670339071,1.009,0.078
1670339071,1.011,0.076
1670339071,1.01,0.076
1670339071,1.009,0.077
1670339071,1.007,0.078
1670339071,1.011,0.073
1670339071,1.011,0.078
1670339071,1.011,0.077
1670339071,1.009,0.083
1670339071,1.01,0.073
1670339071,1.006,0.08
1670339071,1.015,0.088
1670339071,1.011,0.078
1670339071,1.008,0.078
1670339071,1.011,0.077
1670339072,1.01,0.084
1670339072,1.008,0.077
1670339072,1.012,0.083
1670339072,1.014,0.078
1670339072,0.997,0.077
1670339072,1.009,0.082
1670339072,1.011,0.073
1670339072,1.01,0.083
1670339072,1.011,0.079
1670339072,1.01,0.076
1670339072,1.008,0.077
1670339072,1.009,0.073
1670339072,1.01,0.085
1670339072,1.011,0.081
1670339072,1.008,0.088
1670339072,1.009,0.085
1670339072,1.013,0.079
1670339072,1.013,0.077
1670339072,1.01,0.079
1670339072,1.011,0.078
1670339073,1.014,0.07
1670339073,1.011,0.079
1670339073,1.013,0.08
1670339073,1.008,0.073
1670339073,1.013,0.072
1670339073,1.012,0.081
1670339073,1.01,0.074
1670339073,1.012,0.071
1670339073,1.01,0.087
1670339073,1.011,0.088
1670339073,1.009,0.087
1670339073,1.011,0.079
1670339073,1.014,0.074
1670339073,1.012,0.08
1670339073,1.013,0.092
1670339073,1.011,0.083
1670339073,1.011,0.074
1670339073,1.01,0.077
1670339073,1.01,0.081
1670339073,1.01,0.075
1670339074,1.011,0.077
1670339074,1.01,0.08
1670339074,1.015,0.074
1670339074,1.006,0.077
1670339074,1.011,0.083
1670339074,1.011,0.077
1670339074,1.01,0.084
1670339074,1.011,0.081
1670339074,1.013,0.073
1670339074,1.011,0.077
1670339074,1.01,0.079
1670339074,1.013,0.078
1670339074,1.011,0.084
1670339074,1.01,0.078
1670339074,1.01,0.078
1670339074,1.012,0.081
1670339074,1.012,0.084
1670339074,1.012,0.085
1670339074,1.014,0.077
1670339074,1.011,0.083
1670339075,1.008,0.073
1670339075,1.009,0.077
1670339075,1.012,0.076
1670339075,1.007,0.077
1670339075,1.007,0.074
1670339075,1.012,0.077
1670339075,1.011,0.082
1670339075,1.009,0.081
1670339075,1.009,0.078
1670339075,1.01,0.087
1670339075,1.011,0.072
1670339075,1.009,0.08
1670339075,1.012,0.082
1670339075,1.006,0.076
1670339075,1.01,0.085
1670339075,1.013,0.079
1670339075,1.012,0.086
1670339075,1.012,0.079
1670339075,1.008,0.077
1670339075,1.009,0.078
1670339076,1.01,0.078
1670339076,1.011,0.074
1670339076,1.01,0.078
1670339076,1.011,0.083
1670339076,1.009,0.071
1670339076,1.01,0.078
1670339076,1.008,0.042
1670339076,1.01,0.125
1670339076,1.014,0.088
1670339076,1.009,0.083
1670339076,1.011,0.126
1670339076,1.011,0.073
1670339076,1.01,0.103
1670339076,1.008,0.063
1670339076,1.008,0.07
1670339076,1.008,0.076
1670339076,1.009,0.078
1670339076,1.011,0.076
1670339076,1.011,0.081
1670339076,1.013,0.067
1670339077,1.009,0.052
1670339077,1.014,0.08
1670339077,1.012,0.078
1670339077,1.008,0.062
1670339077,1.017,0.082
1670339077,1.015,0.084
1670339077,1.004,0.021
1670339077,1.012,0.079
1670339077,1.012,0.122
1670339077,1.008,0.078
1670339077,1.013,0.083
1670339077,1.012,0.092
1670339077,1.011,0.081
1670339077,1.011,0.059
1670339077,1.014,0.079
1670339077,1.012,0.077
1670339077,1.01,0.076
1670339077,1.009,0.038
1670339077,1.013,0.117
1670339077,1.009,0.04
1670339078,1.01,0.06
1670339078,1.011,0.1
1670339078,1.011,0.097
1670339078,1.011,0.053
1670339078,1.013,0.094
1670339078,1.012,0.112
1670339078,1.009,0.082
1670339078,1.011,0.095
1670339078,1.009,0.048
1670339078,1.009,0.039
1670339078,1.009,0.08
1670339078,1.012,0.087
1670339078,1.012,0.108
1670339078,1.011,0.078
1670339078,1.011,0.109
1670339078,1.011,0.106
1670339078,1.01,0.059
1670339078,1.01,0.085
1670339078,1.013,0.09
1670339078,1.007,0.09
1670339079,1.009,0.033
1670339079,1.012,0.081
1670339079,1.014,0.092
1670339079,1.011,0.084
1670339079,1.013,0.047
1670339079,1.013,0.11
1670339079,1.007,0.058
1670339079,1.008,0.065
1670339079,1.01,0.046
1670339079,1.008,0.096
1670339079,1.01,0.075
1670339079,1.012,0.114
1670339079,1.011,0.065
1670339079,1.009,0.094
1670339079,1.015,0.135
1670339079,1.012,0.096
1670339079,1.011,0.104
1670339079,1.009,0.052
1670339079,1.01,0.093
1670339079,1.009,0.058
1670339080,1.011,0.125
1670339080,1.009,0.054
1670339080,1.007,0.046
1670339080,1.008,0.108
1670339080,1.012,0.133
1670339080,1.012,0.09
1670339080,1.007,0.045
1670339080,1.012,0.071
1670339080,1.009,0.077
1670339080,1.01,0.063
1670339080,1.009,0.071
1670339080,1.009,0.069
1670339080,1.009,0.092
1670339080,1.012,0.062
1670339080,1.008,0.049
1670339080,1.009,0.065
1670339080,1.007,0.087
1670339080,1.014,0.083
1670339080,1.009,0.074
1670339080,1.004,0.049
1670339081,1.012,0.079
1670339081,1.008,0.07
1670339081,1.008,0.063
1670339081,1.013,0.084
1670339081,1.007,0.066
1670339081,1.008,0.081
1670339081,1.012,0.076
1670339081,1.011,0.075
1670339081,1.006,0.076
1670339081,1.007,0.074
1670339081,1.01,0.086
1670339081,1.007,0.063
1670339081,1.01,0.076
1670339081,1.009,0.067
1670339081,1.012,0.075
1670339081,1.007,0.079
1670339081,1.011,0.073
1670339081,1.01,0.082
1670339081,1.009,0.083
1670339081,1.011,0.083
1670339082,1.009,0.075
1670339082,1.007,0.077
1670339082,1.009,0.083
1670339082,1.011,0.085
1670339082,1.009,0.083
1670339082,1.008,0.076
1670339082,1.011,0.084
1670339082,1.01,0.073
1670339082,1.009,0.077
1670339082,1.009,0.077
1670339082,1.01,0.077
1670339082,1.008,0.076
1670339082,1.008,0.081
1670339082,1.008,0.077
1670339082,1.009,0.074
1670339082,1.01,0.081
1670339082,1.011,0.083
1670339082,1.01,0.086
1670339082,1.011,0.079
1670339082,1.01,0.071
1670339083,1.008,0.079
1670339083,1.008,0.081
1670339083,1.008,0.086
1670339083,1.012,0.077
1670339083,1.008,0.09
1670339083,1.007,0.078
1670339083,1.012,0.078
1670339083,1.01,0.082
1670339083,1.01,0.081
1670339083,1.009,0.078
1670339083,1.011,0.079
1670339083,1.006,0.085
1670339083,1.011,0.084
1670339083,1.012,0.07
1670339083,1.009,0.086
1670339083,1.012,0.076
1670339083,1.011,0.08
1670339083,1.011,0.079
1670339083,1.01,0.076
1670339083,1.012,0.073
1670339084,1.011,0.083
1670339084,1.012,0.086
1670339084,1.008,0.079
1670339084,1.01,0.08
1670339084,1.009,0.077
1670339084,1.011,0.082
1670339084,1.008,0.086
1670339084,1.01,0.079
1670339084,1.009,0.082
1670339084,1.008,0.077
1670339084,1.013,0.084
1670339084,1.009,0.073
1670339084,1.012,0.073
1670339084,1.011,0.073
1670339084,1.012,0.084
1670339084,1.01,0.076
1670339084,1.008,0.083
1670339084,1.009,0.08
1670339084,1.008,0.077
1670339084,1.01,0.082
1670339085,1.007,0.085
1670339085,1.009,0.072
1670339085,1.006,0.076
1670339085,1.012,0.083
1670339085,1.008,0.073
1670339085,1.012,0.075
1670339085,1.013,0.086
1670339085,1.01,0.078
1670339085,1.01,0.076
1670339085,1.012,0.078
1670339085,1.009,0.081
1670339085,1.008,0.074
1670339085,1.006,0.087
1670339085,1.013,0.076
1670339085,1.009,0.069
1670339085,1.008,0.084
1670339085,1.012,0.078
1670339085,1.011,0.081
1670339085,1.013,0.082
1670339085,1.011,0.082
1670339086,1.007,0.077
1670339086,1.01,0.082
1670339086,1.011,0.09
1670339086,1.012,0.073
1670339086,1.013,0.071
1670339086,1.015,0.079
1670339086,1.009,0.075
1670339086,1.011,0.08
1670339086,1.006,0.081
1670339086,1.009,0.088
1670339086,1.01,0.072
1670339086,1.007,0.077
1670339086,1.012,0.081
1670339086,1.011,0.09
1670339086,1.009,0.078
1670339086,1.013,0.08
1670339086,1.01,0.079
1670339086,1.011,0.086
1670339086,1.01,0.079
1670339086,1.01,0.081
1670339087,1.007,0.076
1670339087,1.01,0.08
1670339087,1.01,0.077
1670339087,1.009,0.073
1670339087,1.007,0.079
1670339087,1.01,0.065
1670339087,0.999,0.087
1670339087,1.01,0.101
1670339087,1.011,0.073
1670339087,1.007,0.098
1670339087,1.013,0.069
1670339087,1.011,0.087
1670339087,1.007,0.083
1670339087,1.01,0.082
1670339087,1.011,0.079
1670339087,1.011,0.081
1670339087,1.011,0.071
1670339087,1.011,0.074
1670339087,1.013,0.083
1670339087,1.01,0.073
1670339088,1.009,0.08
1670339088,1.01,0.082
1670339088,1.01,0.073
1670339088,1.01,0.083
1670339088,1.012,0.073
1670339088,1.01,0.085
1670339088,1.007,0.081
1670339088,1.01,0.087
1670339088,1.011,0.084
1670339088,1.011,0.078
1670339088,1.007,0.079
1670339088,1.013,0.076
1670339088,1.01,0.08
1670339088,1.008,0.08
1670339088,1.009,0.086
1670339088,1.009,0.084
1670339088,1.01,0.078
1670339088,1.009,0.08
1670339088,1.011,0.083
1670339088,1.009,0.079
1670339089,1.009,0.075
1670339089,1.01,0.082
1670339089,1.011,0.061
1670339089,1.01,0.081
1670339089,1.009,0.083
1670339089,1.012,0.077
1670339089,1.008,0.076
1670339089,1.011,0.061
1670339089,1.012,0.086
1670339089,1.012,0.076
1670339089,1.01,0.079
1670339089,1.01,0.076
1670339089,1.01,0.086
1670339089,1.011,0.078
1670339089,1.008,0.081
1670339089,1.01,0.081
1670339089,1.009,0.07
1670339089,1.011,0.071
1670339089,1.009,0.084
1670339089,1.009,0.086
1670339090,1.007,0.074
1670339090,1.009,0.081
1670339090,1.01,0.082
1670339090,1.012,0.073
1670339090,1.013,0.079
1670339090,1.012,0.084
1670339090,1.011,0.073
1670339090,1.01,0.084
1670339090,1.01,0.077
1670339090,1.011,0.071
1670339090,1.013,0.082
1670339090,1.011,0.076
1670339090,1.013,0.081
1670339090,1.01,0.072
1670339090,1.01,0.077
1670339090,1.01,0.072
1670339090,1.009,0.073
1670339090,1.01,0.073
1670339090,1.013,0.075
1670339090,1.011,0.079
1670339091,1.011,0.075
1670339091,1.012,0.077
1670339091,1.01,0.077
1670339091,1.012,0.077
1670339091,1.012,0.077
1670339091,1.009,0.076
1670339091,1.007,0.077
1670339091,1.012,0.079
1670339091,1.011,0.071
1670339091,1.008,0.075
1670339091,1.015,0.081
1670339091,1.012,0.085
1670339091,1.013,0.074
1670339091,1.011,0.082
1670339091,1.009,0.079
1670339091,1.011,0.075
1670339091,1.012,0.075
1670339091,1.011,0.082
1670339091,1.011,0.078
1670339091,1.008,0.08
1670339092,1.009,0.086
1670339092,1.01,0.077
1670339092,1.011,0.073
1670339092,1.01,0.066
1670339092,1.011,0.077
1670339092,1.009,0.076
1670339092,1.011,0.079
1670339092,1.015,0.082
1670339092,1.01,0.065
1670339092,1.01,0.074
1670339092,1.011,0.077
1670339092,1.008,0.079
1670339092,1.01,0.066
1670339092,1.01,0.072
1670339092,1.013,0.081
1670339092,1.009,0.082
1670339092,1.008,0.077
1670339092,1.009,0.089
1670339092,1.008,0.075
1670339092,1.008,0.063
1670339093,1.013,0.08
1670339093,1.01,0.06
1670339093,1.011,0.081
1670339093,1.01,0.078
1670339093,1.012,0.086
1670339093,1.013,0.098
1670339093,1.012,0.078
1670339093,1.012,0.075
1670339093,1.012,0.08
1670339093,1.012,0.078
1670339093,1.009,0.072
1670339093,1.012,0.092
1670339093,1.008,0.046
1670339093,1.013,0.09
1670339093,1.007,0.089
1670339093,1.01,0.077
1670339093,1.01,0.094
1670339093,1.011,0.087
1670339093,1.01,0.079
1670339093,1.011,0.081
1670339094,1.012,0.067
1670339094,1.012,0.092
1670339094,1.014,0.084
1670339094,1.011,0.04
1670339094,1.013,0.089
1670339094,1.01,0.085
1670339094,1.01,0.082
1670339094,1.007,0.08
1670339094,1.008,0.102
1670339094,1.008,0.074
1670339094,1.01,0.076
1670339094,1.013,0.079
1670339094,1.013,0.081
1670339094,1.008,0.061
1670339094,1.014,0.083
1670339094,1.01,0.071
1670339094,1.009,0.068
1670339094,1.008,0.063
1670339094,1.011,0.087
1670339094,1.012,0.083
1670339095,1.012,0.063
1670339095,1.013,0.084
1670339095,1.015,0.119
1670339095,1.01,0.086
1670339095,1.013,0.095
1670339095,1.01,0.079
1670339095,1.009,0.071
1670339095,1.008,0.07
1670339095,1.01,0.086
1670339095,1.012,0.067
1670339095,1.007,0.069
1670339095,1.009,0.099
1670339095,1.01,0.084
1670339095,1.011,0.08
1670339095,1.009,0.092
1670339095,1.009,0.076
1670339095,1.012,0.064
1670339095,1.008,0.086
1670339095,1.008,0.103
1670339095,1.011,0.086
1670339096,1.011,0.073
1670339096,1.008,0.107
1670339096,1.007,0.068
1670339096,1.009,0.051
1670339096,1.008,0.093
1670339096,1.01,0.043
1670339096,1.009,0.095
1670339096,1.009,0.078
1670339096,1.009,0.046
1670339096,1.009,0.087
1670339096,1.008,0.058
1670339096,0.997,0.107
1670339096,1.012,0.08
1670339096,1.012,0.075
1670339096,1.008,0.118
1670339096,1.011,0.097
1670339096,1.01,0.111
1670339096,1.011,0.076
1670339096,1.011,0.06
1670339096,1.014,0.084
1670339097,1.07,0.109
1670339097,2.444,0.074
1670339097,2.442,0.091
1670339097,2.448,0.074
1670339097,2.444,0.073
1670339097,2.441,0.05
1670339097,2.446,0.066
1670339097,2.445,0.106
1670339097,2.441,0.077
1670339097,2.447,0.077
1670339097,2.441,0.039
1670339097,2.439,0.08
1670339097,2.445,0.082
1670339097,2.442,0.08
1670339097,2.443,0.074
1670339097,2.444,0.086
1670339097,2.441,0.048
1670339097,2.414,0.125
1670339097,1.009,0.067
1670339097,1.012,0.038
1670339098,1.007,0.904
1670339098,1.005,8.174
1670339098,1.005,8.177
1670339098,1.005,8.179
1670339098,1.006,8.178
1670339098,1.009,8.179
1670339098,1.004,8.201
1670339098,1.005,8.173
1670339098,1.008,8.187
1670339098,1.006,8.184
1670339098,1.005,8.179
1670339098,1.008,8.178
1670339098,1.008,8.182
1670339098,1.008,8.172
1670339098,1.011,1.86
1670339098,1.007,0.072
1670339098,1.009,0.057
1670339098,1.01,0.066
1670339098,1.009,0.092
1670339098,1.012,0.056
1670339099,1.011,0.091
1670339099,1.01,0.112
1670339099,1.012,0.087
1670339099,1.011,0.072
1670339099,1.013,0.09
1670339099,1.012,0.1
1670339099,1.01,0.084
1670339099,1.011,0.093
1670339099,1.012,0.078
1670339099,1.01,0.093
1670339099,1.008,0.084
1670339099,1.011,0.078
1670339099,1.014,0.091
1670339099,1.011,0.099
1670339099,1.009,0.093
1670339099,1.013,0.083
1670339099,1.009,0.062
1670339099,1.011,0.065
1670339099,1.008,0.084
1670339099,1.011,0.08
1670339100,1.01,0.066
1670339100,1.011,0.089
1670339100,1.02,0.039
1670339100,1.011,0.074
1670339100,1.01,0.088
1670339100,1.008,0.058
1670339100,1.01,0.067
1670339100,1.008,0.076
1670339100,1.01,0.085
1670339100,1.008,0.081
1670339100,1.009,0.072
1670339100,1.012,0.084
1670339100,1.01,0.082
1670339100,1.014,0.072
1670339100,1.011,0.076
1670339100,1.007,0.081
1670339100,1.013,0.076
1670339100,1.009,0.079
1670339100,1.011,0.077
1670339100,1.011,0.077
1670339101,1.013,0.066
1670339101,1.009,0.078
1670339101,1.006,0.09
1670339101,1.01,0.072
1670339101,1.012,0.077
1670339101,1.013,0.079
1670339101,1.01,0.079
1670339101,1.007,0.078
1670339101,1.01,0.075
1670339101,1.008,0.079
1670339101,1.011,0.079
1670339101,1.009,0.078
1670339101,1.012,0.083
1670339101,1.009,0.082
1670339101,1.013,0.08
1670339101,1.008,0.074
1670339101,1.011,0.077
1670339101,1.008,0.071
1670339101,1.012,0.088
1670339101,1.011,0.081
1670339102,1.011,0.074
1670339102,1.009,0.079
1670339102,1.009,0.073
1670339102,1.01,0.051
1670339102,1.011,0.085
1670339102,1.009,0.073
1670339102,1.011,0.071
1670339102,1.011,0.078
1670339102,1.014,0.074
1670339102,1.009,0.075
1670339102,1.012,0.082
1670339102,1.011,0.078
1670339102,1.008,0.073
1670339102,1.011,0.081
1670339102,1.01,0.079
1670339102,1.009,0.078
1670339102,1.007,0.083
1670339102,1.01,0.089
1670339102,1.011,0.087
1670339102,1.008,0.079
1670339103,1.008,0.082
1670339103,1.007,0.077
1670339103,1.009,0.078
1670339103,1.013,0.075
1670339103,1.009,0.075
1670339103,1.01,0.089
1670339103,1.008,0.078
1670339103,1.012,0.078
1670339103,1.013,0.083
1670339103,1.009,0.075
1670339103,1.011,0.077
1670339103,1.009,0.08
1670339103,1.006,0.08
1670339103,1.008,0.076
1670339103,1.01,0.076
1670339103,1.012,0.079
1670339103,1.009,0.08
1670339103,1.014,0.075
1670339103,1.012,0.082
1670339103,1.009,0.071
1670339104,1.011,0.079
1670339104,1.011,0.079
1670339104,1.009,0.078
1670339104,1.008,0.074
1670339104,1.014,0.092
1670339104,1.01,0.082
1670339104,1.01,0.078
1670339104,1.012,0.074
1670339104,1.009,0.073
1670339104,1.011,0.086
1670339104,1.006,0.081
1670339104,1.011,0.082
1670339104,1.008,0.079
1670339104,1.012,0.079
1670339104,1.011,0.085
1670339104,1.008,0.074
1670339104,1.009,0.087
1670339104,1.01,0.081
1670339104,1.013,0.085
1670339104,1.014,0.072
1670339105,1.011,0.081
1670339105,1.013,0.078
1670339105,1.01,0.078
1670339105,1.01,0.079
1670339105,1.008,0.081
1670339105,1.01,0.074
1670339105,1.009,0.082
1670339105,1.01,0.084
1670339105,1.009,0.081
1670339105,1.011,0.085
1670339105,1.013,0.086
1670339105,1.011,0.078
1670339105,1.01,0.078
1670339105,1.009,0.079
1670339105,1.01,0.074
1670339105,1.012,0.079
1670339105,1.011,0.076
1670339105,1.012,0.079
1670339105,1.011,0.07
1670339105,1.011,0.075
1670339106,1.011,0.089
1670339106,1.009,0.085
1670339106,1.012,0.077
1670339106,1.011,0.072
1670339106,1.011,0.083
1670339106,1.013,0.074
1670339106,1.009,0.08
1670339106,1.01,0.086
1670339106,1.012,0.081
1670339106,1.011,0.079
1670339106,1.01,0.078
1670339106,1.012,0.081
1670339106,1.012,0.081
1670339106,1.01,0.08
1670339106,1.009,0.081
1670339106,1.004,0.072
1670339106,1.011,0.073
1670339106,1.01,0.081
1670339106,1.008,0.068
1670339106,1.007,0.075
1670339107,1.008,0.08
1670339107,1.012,0.075
1670339107,1.009,0.08
1670339107,1.008,0.076
1670339107,1.009,0.088
1670339107,1.008,0.084
1670339107,1.011,0.083
1670339107,1.009,0.075
1670339107,1.012,0.08
1670339107,1.012,0.074
1670339107,1.01,0.086
1670339107,1.011,0.079
1670339107,1.01,0.078
1670339107,1.01,0.073
1670339107,1.011,0.082
1670339107,1.008,0.077
1670339107,1.01,0.082
1670339107,1.009,0.084
1670339107,1.01,0.076
1670339107,1.008,0.085
1670339108,1.011,0.078
1670339108,1.008,0.079
1670339108,1.009,0.081
1670339108,1.01,0.083
1670339108,1.009,0.077
1670339108,1.009,0.08
1670339108,1.009,0.084
1670339108,2.126,0.079
1670339108,2.443,0.08
1670339108,2.443,0.075
1670339108,2.443,0.075
1670339108,2.443,0.073
1670339108,2.445,0.078
1670339108,2.443,0.079
1670339108,2.442,0.078
1670339108,2.445,0.084
1670339108,2.444,0.073
1670339108,2.437,0.073
1670339108,2.213,0.079
1670339108,1.011,0.078
1670339109,1.009,0.075
1670339109,1.007,0.078
1670339109,1.01,0.075
1670339109,1.009,0.075
1670339109,1.008,0.073
1670339109,1.007,0.08
1670339109,1.008,0.082
1670339109,2.442,0.072
1670339109,2.445,0.077
1670339109,2.442,3.147
1670339109,2.439,8.179
1670339109,2.441,8.187
1670339109,2.44,8.175
1670339109,2.443,8.184
1670339109,2.439,8.193
1670339109,2.44,0.079
1670339109,2.443,0.081
1670339109,2.441,0.084
1670339109,2.446,0.082
1670339109,2.445,0.08
1670339110,2.446,0.078
1670339110,2.444,0.076
1670339110,1.026,0.077
1670339110,1.007,0.074
1670339110,1.009,0.09
1670339110,1.011,0.084
1670339110,1.013,0.949
1670339110,1.006,8.178
1670339110,1.008,8.179
1670339110,1.008,8.173
1670339110,1.008,8.185
1670339110,1.012,8.177
1670339110,1.01,8.182
1670339110,1.007,8.174
1670339110,1.008,8.179
1670339110,1.007,8.177
1670339110,1.007,8.184
1670339110,1.008,8.185
1670339110,1.011,8.182
1670339110,1.013,2.668
1670339111,1.009,0.077
1670339111,1.012,0.079
1670339111,1.007,0.088
1670339111,1.011,0.095
1670339111,1.012,0.088
1670339111,1.012,0.097
1670339111,1.01,0.084
1670339111,1.01,0.086
1670339111,1.011,0.085
1670339111,1.008,0.102
1670339111,1.007,0.085
1670339111,1.01,0.069
1670339111,1.008,0.062
1670339111,1.01,0.079
1670339111,1.01,0.072
1670339111,1.011,0.065
1670339111,1.011,0.068
1670339111,1.009,0.079
1670339111,1.012,0.093
1670339111,1.01,0.088
1670339112,1.01,0.076
1670339112,1.009,0.098
1670339112,1.012,0.077
1670339112,1.01,0.053
1670339112,1.01,0.063
1670339112,1.012,0.06
1670339112,1.011,0.084
1670339112,1.012,0.088
1670339112,1.01,0.096
1670339112,1.007,0.064
1670339112,1.009,0.088
1670339112,1.012,0.072
1670339112,1.006,0.125
1670339112,1.007,0.075
1670339112,1.01,0.109
1670339112,1.011,0.069
1670339112,1.007,0.048
1670339112,1.011,0.069
1670339112,1.008,0.08
1670339112,1.011,0.096
1670339113,1.01,0.084
1670339113,1.006,0.055
1670339113,1.012,0.046
1670339113,1.018,0.161
1670339113,1.01,0.064
1670339113,1.009,0.063
1670339113,1.008,0.035
1670339113,1.01,0.073
1670339113,1.011,0.089
1670339113,1.01,0.086
1670339113,1.009,0.088
1670339113,1.012,0.092
1670339113,1.012,0.09
1670339113,1.009,0.074
1670339113,1.009,0.068
1670339113,1.01,0.048
1670339113,1.011,0.09
1670339113,1.011,0.082
1670339113,1.01,0.082
1670339113,1.009,0.083
1670339114,1.012,0.088
1670339114,1.012,0.081
1670339114,1.006,0.059
1670339114,1.009,0.054
1670339114,1.008,0.077
1670339114,1.011,0.079
1670339114,1.008,0.067
1670339114,1.012,0.099
1670339114,1.015,0.134
1670339114,1.008,0.054
1670339114,1.011,0.124
1670339114,1.008,0.062
1670339114,1.011,0.053
1670339114,1.011,0.059
1670339114,1.014,0.082
1670339114,1.01,0.057
1670339114,1.008,0.085
1670339114,1.01,0.069
1670339114,1.013,0.095
1670339114,1.011,0.08
1670339115,1.013,0.095
1670339115,1.009,0.066
1670339115,1.009,0.044
1670339115,1.009,0.075
1670339115,1.014,0.115
1670339115,1.009,0.079
1670339115,1.012,0.057
1670339115,1.007,0.045
1670339115,1.009,0.077
1670339115,1.009,0.046
1670339115,1.013,0.11
1670339115,1.01,0.079
1670339115,1.009,0.047
1670339115,1.009,0.074
1670339115,1.012,0.097
1670339115,1.01,0.084
1670339115,1.009,0.111
1670339115,1.01,0.079
1670339115,1.008,0.041
1670339115,1.014,0.079
1670339116,1.011,0.108
1670339116,1.014,0.058
1670339116,1.015,0.087
1670339116,1.014,0.13
1670339116,1.012,0.092
1670339116,1.01,0.028
1670339116,1.009,0.075
1670339116,1.014,0.064
1670339116,1.015,0.097
1670339116,1.012,0.072
1670339116,1.01,0.046
1670339116,1.013,0.07
1670339116,1.007,0.059
1670339116,1.011,0.082
1670339116,1.01,0.077
1670339116,1.01,0.079
1670339116,1.009,0.127
1670339116,1.008,0.092
1670339116,1.01,0.087
1670339116,1.01,0.08
1670339117,1.013,0.09
1670339117,1.009,0.068
1670339117,1.011,0.082
1670339117,1.008,0.071
1670339117,1.012,0.066
1670339117,1.007,0.084
1670339117,1.008,0.068
1670339117,1.008,0.076
1670339117,1.009,0.081
1670339117,1.01,0.07
1670339117,1.01,0.088
1670339117,1.013,0.098
1670339117,1.013,0.11
1670339117,1.011,0.076
1670339117,1.009,0.083
1670339117,1.01,0.076
1670339117,1.011,0.074
1670339117,1.01,0.068
1670339117,1.012,0.074
1670339117,1.006,0.06
1670339118,1.012,0.07
1670339118,1.009,0.068
1670339118,1.011,0.061
1670339118,1.012,0.075
1670339118,1.011,0.061
1670339118,1.009,0.092
1670339118,1.009,0.078
1670339118,1.01,0.092
1670339118,1.01,0.075
1670339118,1.008,0.105
1670339118,1.008,0.07
1670339118,1.011,0.091
1670339118,1.013,0.082
1670339118,1.012,0.084
1670339118,1.013,0.071
1670339118,1.01,0.089
1670339118,1.008,0.074
1670339118,1.01,0.078
1670339118,1.014,0.067
1670339118,1.007,0.073
1670339119,1.01,0.076
1670339119,1.008,0.078
1670339119,1.009,0.082
1670339119,1.007,0.08
1670339119,1.013,0.08
1670339119,1.011,0.077
1670339119,1.013,0.091
1670339119,1.012,0.084
1670339119,1.011,0.081
1670339119,1.009,0.081
1670339119,1.007,0.083
1670339119,1.006,0.075
1670339119,1.01,0.071
1670339119,1.01,0.084
1670339119,1.011,0.077
1670339119,1.013,0.074
1670339119,1.01,0.081
1670339119,1.014,0.089
1670339119,1.012,0.086
1670339119,1.008,0.083
1670339120,1.007,0.088
1670339120,1.008,0.077
1670339120,1.009,0.083
1670339120,1.014,0.077
1670339120,1.014,0.081
1670339120,1.009,0.078
1670339120,1.008,0.085
1670339120,1.011,0.083
1670339120,1.01,0.083
1670339120,1.009,0.082
1670339120,1.011,0.076
1670339120,1.01,0.073
1670339120,1.012,0.08
1670339120,1.006,0.073
1670339120,1.011,0.081
1670339120,1.012,0.086
1670339120,1.009,0.09
1670339120,1.016,0.074
1670339120,1.009,0.079
1670339120,1.009,0.087
1670339121,1.011,0.079
1670339121,1.011,0.08
1670339121,1.009,0.078
1670339121,1.011,0.077
1670339121,1.007,0.085
1670339121,1.011,0.079
1670339121,1.013,0.084
1670339121,1.009,0.076
1670339121,1.01,0.078
1670339121,1.011,0.073
1670339121,1.01,0.084
1670339121,1.01,0.079
1670339121,1.01,0.083
1670339121,1.009,0.077
1670339121,1.011,0.082
1670339121,1.009,0.082
1670339121,1.013,0.078
1670339121,1.011,0.085
1670339121,1.009,0.077
1670339121,1.011,0.079
1670339122,1.01,0.074
1670339122,1.009,0.075
1670339122,1.01,0.081
1670339122,1.011,0.085
1670339122,1.008,0.076
1670339122,1.011,0.086
1670339122,1.01,0.077
1670339122,1.013,0.07
1670339122,1.012,0.084
1670339122,1.013,0.079
1670339122,1.011,0.077
1670339122,1.012,0.083
1670339122,1.011,0.078
1670339122,1.01,0.083
1670339122,1.008,0.074
1670339122,1.011,0.072
1670339122,1.011,0.075
1670339122,1.012,0.079
1670339122,1.009,0.078
1670339122,1.008,0.079
1670339123,1.009,0.072
1670339123,1.011,0.076
1670339123,1.011,0.086
1670339123,1.013,0.072
1670339123,1.012,0.076
1670339123,1.012,0.084
1670339123,1.009,0.076
1670339123,1.013,0.077
1670339123,1.012,0.077
1670339123,1.01,0.074
1670339123,1.013,0.074
1670339123,1.011,0.073
1670339123,1.012,0.079
1670339123,1.011,0.079
1670339123,1.008,0.078
1670339123,1.01,0.079
1670339123,1.008,0.077
1670339123,1.009,0.068
1670339123,1.007,0.089
1670339123,1.01,0.086
1670339124,1.008,0.09
1670339124,1.011,0.085
1670339124,1.013,0.077
1670339124,1.006,0.106
1670339124,1.011,0.082
1670339124,1.012,0.079
1670339124,1.01,0.089
1670339124,1.009,0.077
1670339124,1.013,0.09
1670339124,1.01,0.084
1670339124,1.01,0.074
1670339124,1.008,0.075
1670339124,1.012,0.077
1670339124,1.013,0.081
1670339124,1.013,0.077
1670339124,1.01,0.086
1670339124,1.01,0.075
1670339124,1.011,0.077
1670339124,1.009,0.071
1670339124,1.01,0.085
1670339125,1.013,0.082
1670339125,1.009,0.078
1670339125,1.012,0.075
1670339125,1.01,0.077
1670339125,1.009,0.079
1670339125,1.009,0.082
1670339125,1.012,0.072
1670339125,1.008,0.079
1670339125,1.007,0.079
1670339125,1.011,0.082
1670339125,1.011,0.088
1670339125,1.01,0.082
1670339125,1.012,0.081
1670339125,1.011,0.073
1670339125,1.01,0.078
1670339125,1.01,0.076
1670339125,1.009,0.088
1670339125,1.008,0.086
1670339125,1.01,0.089
1670339125,1.011,0.07
1670339126,1.011,0.082
1670339126,1.011,0.082
1670339126,1.007,0.082
1670339126,1.01,0.072
1670339126,1.008,0.081
1670339126,1.008,0.086
1670339126,1.01,0.084
1670339126,1.012,0.084
1670339126,1.01,0.077
1670339126,1.011,0.083
1670339126,1.014,0.083
1670339126,1.012,0.08
1670339126,1.01,0.084
1670339126,1.008,0.076
1670339126,1.009,0.083
1670339126,1.013,0.081
1670339126,1.011,0.074
1670339126,1.011,0.083
1670339126,2.009,0.077
1670339126,2.441,0.084
1670339127,2.445,0.079
1670339127,2.445,0.081
1670339127,2.443,0.073
1670339127,2.445,0.075
1670339127,2.446,0.088
1670339127,2.442,0.077
1670339127,2.444,0.078
1670339127,2.445,0.072
1670339127,2.445,0.083
1670339127,2.445,0.077
1670339127,2.443,0.083
1670339127,2.042,0.074
1670339127,1.011,0.079
1670339127,1.012,0.076
1670339127,1.012,0.084
1670339127,1.012,0.084
1670339127,1.013,0.084
1670339127,1.012,0.083
1670339127,1.01,0.075
1670339127,1.011,0.722
1670339128,1.008,8.176
1670339128,1.008,8.18
1670339128,1.008,8.186
1670339128,1.005,8.18
1670339128,1.009,8.171
1670339128,1.004,8.184
1670339128,1.009,8.169
1670339128,1.002,8.179
1670339128,1.01,8.176
1670339128,1.011,2.509
1670339128,1.01,0.076
1670339128,1.01,0.082
1670339128,1.01,0.075
1670339128,1.011,0.081
1670339128,1.007,0.079
1670339128,1.011,0.081
1670339128,1.01,0.083
1670339128,1.008,0.075
1670339128,1.009,0.087
1670339128,1.01,0.081
1670339129,1.009,0.084
1670339129,1.009,0.081
1670339129,1.012,0.081
1670339129,1.011,0.08
1670339129,1.01,0.085
1670339129,1.014,0.079
1670339129,1.013,0.088
1670339129,1.009,0.09
1670339129,1.011,0.08
1670339129,1.009,0.076
1670339129,1.009,0.079
1670339129,1.008,0.079
1670339129,1.013,0.089
1670339129,1.01,0.078
1670339129,1.006,0.08
1670339129,1.011,0.086
1670339129,1.006,0.082
1670339129,1.012,0.083
1670339129,1.008,0.079
1670339129,1.01,0.078
1670339130,1.011,0.09
1670339130,1.01,0.097
1670339130,1.01,0.085
1670339130,1.012,0.078
1670339130,1.007,0.098
1670339130,1.01,0.066
1670339130,1.008,0.082
1670339130,1.01,0.092
1670339130,1.009,0.098
1670339130,1.012,0.078
1670339130,1.01,0.074
1670339130,1.011,0.069
1670339130,1.011,0.084
1670339130,1.012,0.054
1670339130,1.009,0.087
1670339130,1.015,0.09
1670339130,1.008,0.076
1670339130,1.013,0.095
1670339130,1.01,0.081
1670339130,1.011,0.07
1670339131,1.013,0.093
1670339131,1.01,0.064
1670339131,1.011,0.075
1670339131,1.011,0.083
1670339131,1.011,0.098
1670339131,1.01,0.087
1670339131,1.009,0.059
1670339131,1.011,0.09
1670339131,1.011,0.096
1670339131,1.016,0.066
1670339131,1.011,0.095
1670339131,1.008,0.114
1670339131,1.01,0.045
1670339131,1.01,0.066
1670339131,1.013,0.072
1670339131,1.012,0.102
1670339131,1.012,0.082
1670339131,1.014,0.109
1670339131,1.01,0.068
1670339131,1.011,0.067
1670339132,1.01,0.092
1670339132,1.01,0.1
1670339132,1.011,0.091
1670339132,1.01,0.104
1670339132,1.012,0.112
1670339132,1.011,0.102
1670339132,1.012,0.082
1670339132,1.011,0.09
1670339132,1.012,0.071
1670339132,1.013,0.078
1670339132,1.014,0.086
1670339132,1.01,0.093
1670339132,1.011,0.083
1670339132,1.011,0.114
1670339132,1.011,0.093
1670339132,1.01,0.092
1670339132,1.009,0.071
1670339132,1.01,0.07
1670339132,1.01,0.067
1670339132,1.011,0.073
1670339133,1.007,0.061
1670339133,1.013,0.079
1670339133,1.013,0.049
1670339133,1.017,0.077
1670339133,1.011,0.063
1670339133,2.212,0.092
1670339133,2.446,0.038
1670339133,2.443,0.054
1670339133,2.445,0.111
1670339133,2.446,0.098
1670339133,2.444,0.087
1670339133,2.442,0.065
1670339133,2.441,0.07
1670339133,2.445,0.061
1670339133,2.443,0.047
1670339133,2.442,0.069
1670339133,2.444,0.077
1670339133,2.442,0.068
1670339133,2.443,0.045
1670339133,2.296,0.069
1670339134,1.008,0.01
1670339134,1.008,0.065
1670339134,1.008,0.059
1670339134,1.016,0.118
1670339134,1.007,0.081
1670339134,1.012,7.869
1670339134,1.01,8.178
1670339134,1.01,8.18
1670339134,1.01,8.183
1670339134,1.006,8.182
1670339134,1.008,8.172
1670339134,1.013,8.187
1670339134,1.01,8.182
1670339134,1.012,8.18
1670339134,1.008,8.178
1670339134,1.006,8.183
1670339134,1.008,8.18
1670339134,1.014,2.353
1670339134,1.009,0.055
1670339134,1.007,0.06
1670339135,1.014,0.097
1670339135,1.011,0.093
1670339135,1.011,0.096
1670339135,1.01,0.031
1670339135,1.011,0.047
1670339135,1.014,0.133
1670339135,1.012,0.108
1670339135,1.012,0.069
1670339135,1.01,0.079
1670339135,1.01,0.073
1670339135,1.01,0.069
1670339135,1.014,0.101
1670339135,1.011,0.075
1670339135,1.013,0.1
1670339135,1.013,0.078
1670339135,1.007,0.048
1670339135,1.009,0.09
1670339135,1.01,0.088
1670339135,1.01,0.08
1670339135,1.011,0.094
1670339136,1.01,0.087
1670339136,1.009,0.102
1670339136,1.01,0.076
1670339136,1.008,0.086
1670339136,0.992,0.085
1670339136,1.01,0.061
1670339136,1.009,0.107
1670339136,1.011,0.097
1670339136,1.011,0.086
1670339136,1.009,0.092
1670339136,1.011,0.068
1670339136,1.009,0.082
1670339136,1.01,0.064
1670339136,1.013,0.066
1670339136,1.011,0.087
1670339136,1.009,0.083
1670339136,1.009,0.093
1670339136,1.014,0.08
1670339136,1.011,0.082
1670339136,1.01,0.074
1670339137,1.005,0.08
1670339137,1.011,0.08
1670339137,1.011,0.076
1670339137,1.008,0.076
1670339137,1.007,0.076
1670339137,1.008,0.077
1670339137,1.01,0.077
1670339137,1.01,0.076
1670339137,1.012,0.076
1670339137,1.012,0.073
1670339137,1.01,0.085
1670339137,1.012,0.075
1670339137,1.01,0.083
1670339137,1.012,0.077
1670339137,1.012,0.082
1670339137,1.013,0.082
1670339137,1.009,0.088
1670339137,1.01,0.082
1670339137,1.009,0.084
1670339137,1.01,0.082
1670339138,1.013,0.083
1670339138,1.008,0.08
1670339138,1.012,0.074
1670339138,1.009,0.083
1670339138,1.012,0.075
1670339138,1.011,0.083
1670339138,1.009,0.08
1670339138,1.012,0.08
1670339138,1.012,0.079
1670339138,1.01,0.086
1670339138,1.008,0.079
1670339138,1.01,0.081
1670339138,1.008,0.084
1670339138,1.009,0.08
1670339138,1.01,0.078
1670339138,1.01,0.082
1670339138,1.011,0.068
1670339138,1.009,0.088
1670339138,1.007,0.084
1670339138,1.01,0.072
1670339139,1.007,0.083
1670339139,1.011,0.084
1670339139,1.009,0.078
1670339139,1.01,0.079
1670339139,1.01,0.077
1670339139,1.014,0.084
1670339139,1.01,0.08
1670339139,1.01,0.084
1670339139,1.008,0.083
1670339139,1.007,0.084
1670339139,1.012,0.084
1670339139,1.012,0.076
1670339139,1.012,0.074
1670339139,1.009,0.083
1670339139,1.008,0.084
1670339139,1.009,0.076
1670339139,1.013,0.067
1670339139,1.009,0.081
1670339139,1.008,0.083
1670339139,1.013,0.073
1670339140,1.014,0.085
1670339140,1.009,0.088
1670339140,1.009,0.085
1670339140,1.011,0.089
1670339140,1.01,0.08
1670339140,1.008,0.078
1670339140,1.007,0.081
1670339140,1.01,0.084
1670339140,1.005,0.082
1670339140,1.008,0.078
1670339140,1.013,0.08
1670339140,1.009,0.08
1670339140,1.011,0.077
1670339140,1.01,0.077
1670339140,1.007,0.087
1670339140,1.009,0.078
1670339140,1.013,0.077
1670339140,1.011,0.08
1670339140,1.011,0.086
1670339140,1.01,0.077
1670339141,1.012,0.075
1670339141,1.012,0.084
1670339141,1.011,0.087
1670339141,1.009,0.083
1670339141,1.014,0.081
1670339141,1.008,0.079
1670339141,1.013,0.094
1670339141,1.009,0.087
1670339141,1.008,0.077
1670339141,1.011,0.085
1670339141,1.012,0.08
1670339141,1.011,0.077
1670339141,1.011,0.085
1670339141,1.009,0.076
1670339141,1.011,0.08
1670339141,1.009,0.083
1670339141,1.011,0.082
1670339141,1.01,0.089
1670339141,1.01,0.083
1670339141,1.009,0.079
1670339142,1.01,0.085
1670339142,1.008,0.08
1670339142,1.008,0.086
1670339142,1.009,0.087
1670339142,1.009,0.079
1670339142,1.01,0.075
1670339142,1.008,0.081
1670339142,1.008,0.077
1670339142,1.01,0.083
1670339142,1.011,0.077
1670339142,1.012,0.078
1670339142,1.01,0.082
1670339142,1.012,0.076
1670339142,1.011,0.079
1670339142,1.011,0.081
1670339142,1.014,0.078
1670339142,1.01,0.08
1670339142,1.01,0.078
1670339142,1.008,0.077
1670339142,1.012,0.078
1670339143,1.006,0.079
1670339143,1.011,0.085
1670339143,1.009,0.07
1670339143,1.01,0.088
1670339143,1.007,0.068
1670339143,1.006,0.076
1670339143,1.006,0.072
1670339143,1.012,0.077
1670339143,1.007,0.077
1670339143,1.011,0.079
1670339143,1.009,0.073
1670339143,1.009,0.077
1670339143,1.009,0.075
1670339143,1.013,0.078
1670339143,1.011,0.076
1670339143,1.013,0.077
1670339143,1.011,0.078
1670339143,1.012,0.074
1670339143,1.011,0.081
1670339143,1.006,0.072
1670339144,1.01,0.082
1670339144,1.01,0.074
1670339144,1.01,0.072
1670339144,1.01,0.078
1670339144,1.011,0.074
1670339144,1.012,0.077
1670339144,1.01,0.068
1670339144,1.011,0.088
1670339144,1.011,0.08
1670339144,1.012,0.076
1670339144,1.011,0.08
1670339144,1.009,0.081
1670339144,1.011,0.08
1670339144,1.01,0.076
1670339144,1.008,0.082
1670339144,1.009,0.085
1670339144,1.008,0.084
1670339144,1.008,0.078
1670339144,1.009,0.081
1670339144,1.014,0.08
1670339145,1.01,0.088
1670339145,1.01,0.08
1670339145,1.01,0.081
1670339145,1.009,0.085
1670339145,1.008,0.087
1670339145,1.01,0.079
1670339145,1.012,0.088
1670339145,1.009,0.082
1670339145,1.009,0.076
1670339145,1.012,0.074
1670339145,1.007,0.073
1670339145,1.012,0.08
1670339145,1.008,0.083
1670339145,1.009,0.075
1670339145,1.008,0.081
1670339145,1.008,0.088
1670339145,1.008,0.079
1670339145,1.006,0.074
1670339145,1.011,0.082
1670339145,1.012,0.074
1670339146,1.007,0.082
1670339146,1.01,0.079
1670339146,1.009,0.072
1670339146,1.009,0.08
1670339146,1.011,0.084
1670339146,1.009,0.076
1670339146,1.011,0.08
1670339146,1.013,0.084
1670339146,1.011,0.083
1670339146,1.011,0.084
1670339146,1.009,0.07
1670339146,1.008,0.072
1670339146,1.008,0.077
1670339146,1.01,0.082
1670339146,1.008,0.081
1670339146,1.011,0.081
1670339146,1.008,0.073
1670339146,1.011,0.078
1670339146,1.008,0.079
1670339146,1.009,0.081
1670339147,1.009,0.079
1670339147,1.015,0.079
1670339147,1.01,0.077
1670339147,1.005,0.076
1670339147,1.006,0.088
1670339147,1.011,0.078
1670339147,1.009,0.086
1670339147,1.007,0.086
1670339147,1.009,0.079
1670339147,1.01,0.077
1670339147,1.01,0.084
1670339147,1.008,0.082
1670339147,1.012,0.083
1670339147,1.009,0.089
1670339147,1.013,0.078
1670339147,1.012,0.08
1670339147,1.012,0.08
1670339147,1.009,0.087
1670339147,1.007,0.082
1670339147,1.011,0.078
1670339148,1.012,0.08
1670339148,1.011,0.083
1670339148,1.01,0.088
1670339148,1.009,0.064
1670339148,1.009,0.075
1670339148,1.011,0.089
1670339148,1.009,0.098
1670339148,1.012,0.072
1670339148,1.009,0.078
1670339148,1.011,0.079
1670339148,1.01,0.082
1670339148,1.011,0.098
1670339148,1.01,0.077
1670339148,1.013,0.075
1670339148,1.01,0.083
1670339148,1.009,0.09
1670339148,1.008,0.094
1670339148,1.008,0.065
1670339148,1.01,0.069
1670339148,1.01,0.089
1670339149,1.01,0.122
1670339149,1.009,0.078
1670339149,1.01,0.097
1670339149,1.009,0.086
1670339149,1.013,0.093
1670339149,1.01,0.038
1670339149,1.008,0.06
1670339149,1.012,0.073
1670339149,1.012,0.07
1670339149,1.016,0.11
1670339149,1.012,0.082
1670339149,1.009,0.082
1670339149,1.01,0.078
1670339149,1.008,0.057
1670339149,1.012,0.07
1670339149,1.009,0.082
1670339149,1.01,0.051
1670339149,1.01,0.099
1670339149,1.012,0.11
1670339149,1.01,0.091
1670339150,1.008,0.056
1670339150,1.009,0.072
1670339150,1.011,0.112
1670339150,1.009,0.103
1670339150,1.009,0.105
1670339150,1.009,0.078
1670339150,1.009,0.103
1670339150,1.009,0.064
1670339150,1.011,0.102
1670339150,1.01,0.09
1670339150,1.009,0.073
1670339150,1.014,0.097
1670339150,1.01,0.062
1670339150,1.009,0.129
1670339150,1.008,0.066
1670339150,1.01,0.068
1670339150,1.011,0.086
1670339150,1.009,0.096
1670339150,1.006,0.083
1670339150,1.009,0.096
1670339151,1.009,0.076
1670339151,1.01,0.09
1670339151,1.009,0.079
1670339151,1.01,0.078
1670339151,1.012,0.08
1670339151,1.007,0.081
1670339151,1.008,0.064
1670339151,1.011,0.093
1670339151,1.012,0.087
1670339151,1.013,0.077
1670339151,1.015,0.095
1670339151,1.01,0.079
1670339151,1.011,0.069
1670339151,1.009,0.078
1670339151,1.011,0.066
1670339151,1.012,0.067
1670339151,1.008,0.092
1670339151,1.011,0.086
1670339151,1.009,0.054
1670339151,1.006,0.064
1670339152,1.013,0.1
1670339152,1.013,0.106
1670339152,1.01,0.11
1670339152,1.01,0.066
1670339152,1.013,0.097
1670339152,1.007,0.038
1670339152,1.008,0.032
1670339152,1.011,0.063
1670339152,1.011,0.101
1670339152,1.011,0.067
1670339152,1.011,0.051
1670339152,1.01,0.082
1670339152,1.011,0.061
1670339152,1.013,0.08
1670339152,1.008,0.08
1670339152,1.012,0.06
1670339152,1.011,0.082
1670339152,1.014,0.114
1670339152,1.01,0.1
1670339152,1.009,0.079
1670339153,1.01,0.058
1670339153,1.006,0.054
1670339153,1.01,0.1
1670339153,1.011,0.032
1670339153,1.014,0.059
1670339153,1.01,0.064
1670339153,1.007,0.088
1670339153,1.015,0.013
1670339153,1.009,0.104
1670339153,1.009,0.083
1670339153,1.013,0.12
1670339153,1.01,0.051
1670339153,1.009,0.083
1670339153,1.006,0.063
1670339153,1.007,0.067
1670339153,1.008,0.085
1670339153,1.005,0.062
1670339153,1.006,0.044
1670339153,1.005,0.036
1670339153,1.011,0.082
1670339154,1.011,0.095
1670339154,1.009,0.103
1670339154,1.008,0.05
1670339154,1.008,0.071
1670339154,1.006,0.037
1670339154,1.008,0.048
1670339154,1.007,0.078
1670339154,1.008,0.11
1670339154,1.011,0.078
1670339154,1.01,0.094
1670339154,1.009,0.099
1670339154,1.011,0.075
1670339154,1.009,0.078
1670339154,1.011,0.075
1670339154,1.009,0.073
1670339154,1.009,0.08
1670339154,1.01,0.079
1670339154,1.009,0.059
1670339154,1.011,0.066
1670339154,1.011,0.08
1670339155,1.009,0.088
1670339155,1.01,0.057
1670339155,1.008,0.089
1670339155,1.01,0.056
1670339155,1.012,0.071
1670339155,1.007,0.083
1670339155,1.011,0.076
1670339155,1.01,0.074
1670339155,1.011,0.096
1670339155,1.012,0.086
1670339155,1.007,0.075
1670339155,1.009,0.07
1670339155,1.01,0.095
1670339155,1.011,0.079
1670339155,1.012,0.074
1670339155,1.009,0.076
1670339155,1.01,0.08
1670339155,1.01,0.084
1670339155,1.01,0.078
1670339155,1.013,0.079
1670339156,1.01,0.08
1670339156,1.009,0.072
1670339156,1.011,0.082
1670339156,1.006,0.086
1670339156,1.009,0.073
1670339156,1.009,0.07
1670339156,1.014,0.076
1670339156,1.009,0.079
1670339156,1.009,0.077
1670339156,1.009,0.081
1670339156,1.006,0.076
1670339156,1.013,0.074
1670339156,1.01,0.082
1670339156,1.01,0.076
1670339156,1.005,0.08
1670339156,1.009,0.075
1670339156,1.014,0.082
1670339156,1.008,0.075
1670339156,1.011,0.082
1670339156,1.011,0.067
1670339157,1.01,0.078
1670339157,1.009,0.083
1670339157,1.009,0.077
1670339157,1.01,0.08
1670339157,1.012,0.08
1670339157,1.012,0.086
1670339157,1.669,0.077
1670339157,2.443,0.083
1670339157,2.443,0.083
1670339157,2.443,0.074
1670339157,2.447,0.069
1670339157,2.444,0.076
1670339157,2.444,0.083
1670339157,2.443,0.081
1670339157,2.448,0.079
1670339157,2.442,0.075
1670339157,2.442,0.077
1670339157,2.44,0.074
1670339157,2.442,0.078
1670339157,2.443,0.082
1670339158,2.444,0.091
1670339158,2.443,0.075
1670339158,2.444,0.092
1670339158,2.329,0.068
1670339158,1.009,0.076
1670339158,1.012,3.319
1670339158,1.011,8.182
1670339158,1.011,8.186
1670339158,1.009,8.185
1670339158,1.01,8.188
1670339158,1.008,8.176
1670339158,1.011,8.182
1670339158,1.012,8.179
1670339158,1.011,8.178
1670339158,1.007,8.187
1670339158,1.009,8.183
1670339158,1.01,8.181
1670339158,1.008,8.182
1670339158,1.005,8.178
1670339158,1.007,8.188
1670339159,1.011,8.181
1670339159,1.01,8.182
1670339159,1.008,6.076
1670339159,1.012,0.078
1670339159,1.011,0.082
1670339159,1.012,0.072
1670339159,1.009,0.076
1670339159,1.012,0.077
1670339159,1.013,0.084
1670339159,1.009,0.078
1670339159,1.01,0.079
1670339159,1.012,0.076
1670339159,1.012,0.086
1670339159,1.009,0.079
1670339159,1.009,0.074
1670339159,1.008,0.084
1670339159,1.013,0.08
1670339159,1.011,0.079
1670339159,1.011,0.084
1670339159,1.01,0.087
1670339160,1.009,0.078
1670339160,1.009,0.081
1670339160,1.012,0.08
1670339160,1.013,0.077
1670339160,1.011,0.078
1670339160,1.013,0.079
1670339160,1.012,0.081
1670339160,1.009,0.078
1670339160,1.01,0.078
1670339160,1.012,0.086
1670339160,1.015,0.085
1670339160,1.011,0.085
1670339160,1.011,0.087
1670339160,1.008,0.08
1670339160,1.011,0.078
1670339160,1.013,0.082
1670339160,1.01,0.102
1670339160,1.011,0.084
1670339160,1.012,0.082
1670339160,1.009,0.081
1670339161,1.012,0.073
1670339161,1.011,0.081
1670339161,1.012,0.086
1670339161,1.014,0.095
1670339161,1.011,0.086
1670339161,1.014,0.087
1670339161,1.014,0.078
1670339161,1.01,0.067
1670339161,1.012,0.076
1670339161,1.012,0.073
1670339161,1.01,0.081
1670339161,1.013,0.079
1670339161,1.01,0.081
1670339161,1.006,0.079
1670339161,1.012,0.078
1670339161,1.009,0.081
1670339161,1.01,0.078
1670339161,1.012,0.087
1670339161,1.011,0.086
1670339161,1.011,0.081
1670339162,1.009,0.073
1670339162,1.013,0.087
1670339162,1.013,0.084
1670339162,1.009,0.079
1670339162,1.011,0.08
1670339162,1.013,0.084
1670339162,1.008,0.076
1670339162,1.009,0.086
1670339162,1.011,0.085
1670339162,1.008,0.086
1670339162,1.011,0.088
1670339162,1.009,0.079
1670339162,1.012,0.087
1670339162,1.011,0.087
1670339162,1.013,0.088
1670339162,1.012,0.08
1670339162,1.009,0.085
1670339162,1.005,0.075
1670339162,1.01,0.077
1670339162,1.01,0.081
1670339163,1.008,0.078
1670339163,1.008,0.084
1670339163,1.011,0.089
1670339163,1.009,0.086
1670339163,1.012,0.081
1670339163,1.008,0.077
1670339163,1.009,0.077
1670339163,1.01,0.076
1670339163,1.012,0.077
1670339163,1.008,0.085
1670339163,1.007,0.075
1670339163,1.011,0.08
1670339163,1.012,0.08
1670339163,1.008,0.078
1670339163,1.012,0.082
1670339163,1.013,0.077
1670339163,1.009,0.08
1670339163,1.012,0.079
1670339163,1.009,0.09
1670339163,1.01,0.082
1670339164,1.011,0.074
1670339164,1.01,0.078
1670339164,1.004,0.087
1670339164,1.009,0.069
1670339164,1.011,0.083
1670339164,1.008,0.076
1670339164,1.008,0.075
1670339164,1.012,0.083
1670339164,1.008,0.08
1670339164,1.009,0.081
1670339164,1.008,0.08
1670339164,1.011,0.084
1670339164,1.01,0.075
1670339164,1.009,0.083
1670339164,1.012,0.081
1670339164,1.007,0.082
1670339164,1.01,0.082
1670339164,1.013,0.083
1670339164,1.008,0.085
1670339164,1.008,0.081
1670339165,1.01,0.08
1670339165,1.01,0.073
1670339165,1.011,0.07
1670339165,1.012,0.084
1670339165,1.007,0.089
1670339165,1.009,0.074
1670339165,1.011,0.08
1670339165,1.009,0.079
1670339165,1.008,0.085
1670339165,1.01,0.072
1670339165,1.009,0.081
1670339165,1.008,0.077
1670339165,1.007,0.079
1670339165,1.011,0.074
1670339165,1.01,0.083
1670339165,1.008,0.078
1670339165,1.011,0.078
1670339165,1.01,0.084
1670339165,1.011,0.08
1670339165,1.014,0.081
1670339166,1.01,0.08
1670339166,1.015,0.086
1670339166,1.008,0.082
1670339166,1.008,0.089
1670339166,1.012,0.068
1670339166,1.009,0.074
1670339166,1.01,0.072
1670339166,1.008,0.077
1670339166,1.012,0.077
1670339166,1.011,0.08
1670339166,1.01,0.078
1670339166,1.007,0.075
1670339166,1.008,0.086
1670339166,1.008,0.076
1670339166,1.009,0.082
1670339166,1.009,0.086
1670339166,1.011,0.084
1670339166,1.007,0.069
1670339166,1.008,0.068
1670339166,1.009,0.075
1670339167,1.011,0.097
1670339167,1.008,0.084
1670339167,1.004,0.068
1670339167,1.009,0.078
1670339167,1.006,0.077
1670339167,1.013,0.088
1670339167,1.011,0.095
1670339167,1.011,0.088
1670339167,1.009,0.091
1670339167,1.011,0.088
1670339167,1.009,0.082
1670339167,1.011,0.079
1670339167,1.011,0.093
1670339167,1.008,0.072
1670339167,1.007,0.083
1670339167,1.01,0.085
1670339167,1.008,0.079
1670339167,1.01,0.084
1670339167,1.011,0.081
1670339167,1.009,0.084
1670339168,1.01,0.079
1670339168,1.013,0.085
1670339168,1.008,0.086
1670339168,1.005,0.048
1670339168,1.02,0.067
1670339168,1.011,0.084
1670339168,1.01,0.063
1670339168,1.01,0.076
1670339168,1.011,0.059
1670339168,1.009,0.081
1670339168,1.011,0.078
1670339168,1.012,0.104
1670339168,1.01,0.098
1670339168,1.011,0.104
1670339168,1.007,0.085
1670339168,1.009,0.072
1670339168,1.009,0.059
1670339168,1.01,0.068
1670339168,1.01,0.084
1670339168,1.841,0.074
1670339169,2.443,0.091
1670339169,2.443,0.09
1670339169,2.443,0.081
1670339169,2.441,0.088
1670339169,2.442,0.062
1670339169,2.443,0.052
1670339169,2.443,0.083
1670339169,2.443,0.086
1670339169,2.444,0.087
1670339169,2.446,0.082
1670339169,2.443,0.039
1670339169,2.271,0.096
1670339169,1.012,0.084
1670339169,1.015,0.096
1670339169,1.013,0.096
1670339169,1.013,0.124
1670339169,1.01,0.091
1670339169,1.011,0.07
1670339169,1.01,0.068
1670339169,1.012,0.064
1670339170,2.186,3.163
1670339170,2.442,8.188
1670339170,2.445,8.183
1670339170,2.445,8.183
1670339170,2.442,8.185
1670339170,2.441,8.187
1670339170,2.445,8.183
1670339170,2.441,8.176
1670339170,2.444,1.362
1670339170,2.447,0.092
1670339170,2.442,0.048
1670339170,2.438,0.052
1670339170,2.441,0.071
1670339170,2.443,0.083
1670339170,2.445,0.097
1670339170,1.839,0.05
1670339170,1.007,0.072
1670339170,1.01,0.074
1670339170,1.01,0.08
1670339170,1.012,0.1
1670339171,1.012,3.459
1670339171,1.013,8.179
1670339171,1.009,8.181
1670339171,1.009,8.184
1670339171,1.012,8.189
1670339171,1.008,8.175
1670339171,1.009,8.183
1670339171,1.009,8.177
1670339171,1.011,8.179
1670339171,1.009,8.171
1670339171,1.011,8.182
1670339171,1.008,8.193
1670339171,1.008,4.958
1670339171,1.01,0.083
1670339171,1.011,0.06
1670339171,1.005,0.103
1670339171,1.007,0.057
1670339171,1.012,0.063
1670339171,1.01,0.076
1670339171,1.011,0.079
1670339172,1.005,0.032
1670339172,1.009,0.046
1670339172,1.01,0.097
1670339172,1.012,0.112
1670339172,1.012,0.062
1670339172,1.012,0.077
1670339172,1.008,0.074
1670339172,1.01,0.044
1670339172,1.01,0.091
1670339172,1.011,0.071
1670339172,1.008,0.066
1670339172,1.009,0.108
1670339172,1.012,0.081
1670339172,1.01,0.069
1670339172,1.007,0.077
1670339172,1.011,0.079
1670339172,1.012,0.088
1670339172,1.013,0.083
1670339172,1.009,0.074
1670339172,1.01,0.085
1670339173,1.01,0.087
1670339173,1.007,0.065
1670339173,1.011,0.072
1670339173,1.01,0.088
1670339173,1.008,0.059
1670339173,1.009,0.077
1670339173,1.01,0.087
1670339173,1.01,0.078
1670339173,1.012,0.085
1670339173,1.007,0.068
1670339173,1.01,0.078
1670339173,1.01,0.08
1670339173,1.007,0.081
1670339173,1.008,0.074
1670339173,1.009,0.083
1670339173,1.012,0.064
1670339173,1.009,0.086
1670339173,1.01,0.062
1670339173,1.012,0.072
1670339173,1.009,0.079
1670339174,1.009,0.086
1670339174,1.008,0.058
1670339174,1.007,0.088
1670339174,1.011,0.074
1670339174,1.01,0.079
1670339174,1.013,0.068
1670339174,1.011,0.082
1670339174,1.012,0.081
1670339174,1.012,0.085
1670339174,1.009,0.075
1670339174,1.011,0.089
1670339174,1.01,0.083
1670339174,1.009,0.077
1670339174,1.01,0.081
1670339174,1.011,0.085
1670339174,1.007,0.076
1670339174,1.012,0.081
1670339174,1.011,0.085
1670339174,1.01,0.071
1670339174,1.008,0.082
1670339175,1.009,0.078
1670339175,1.009,0.079
1670339175,1.011,0.066
1670339175,1.012,0.074
1670339175,1.007,0.072
1670339175,1.011,0.078
1670339175,1.008,0.082
1670339175,1.008,0.072
1670339175,1.01,0.081
1670339175,1.008,0.084
1670339175,1.012,0.075
1670339175,1.009,0.085
1670339175,1.01,0.085
1670339175,1.011,0.078
1670339175,1.011,0.084
1670339175,1.009,0.08
1670339175,1.012,0.077
1670339175,1.012,0.076
1670339175,1.011,0.083
1670339175,1.011,0.077
1670339176,1.009,0.082
1670339176,1.012,0.081
1670339176,1.008,0.085
1670339176,1.008,0.084
1670339176,1.01,0.07
1670339176,1.01,0.077
1670339176,1.009,0.086
1670339176,1.01,0.081
1670339176,1.01,0.081
1670339176,1.011,0.086
1670339176,1.01,0.078
1670339176,1.01,0.084
1670339176,1.011,0.079
1670339176,1.012,0.083
1670339176,1.011,0.086
1670339176,1.01,0.086
1670339176,1.011,0.082
1670339176,1.013,0.084
1670339176,1.011,0.09
1670339176,1.012,0.079
1670339177,1.011,0.078
1670339177,1.014,0.084
1670339177,1.01,0.073
1670339177,1.009,0.072
1670339177,1.01,0.075
1670339177,1.011,0.081
1670339177,1.009,0.073
1670339177,1.01,0.078
1670339177,1.012,0.077
1670339177,1.011,0.07
1670339177,1.012,0.078
1670339177,1.01,0.081
1670339177,1.009,0.085
1670339177,1.01,0.087
1670339177,1.012,0.081
1670339177,1.012,0.085
1670339177,1.008,0.081
1670339177,1.011,0.086
1670339177,1.012,0.08
1670339177,1.009,0.077
1670339178,1.012,0.073
1670339178,1.01,0.073
1670339178,1.009,0.075
1670339178,1.011,0.076
1670339178,1.011,0.077
1670339178,1.012,0.074
1670339178,1.009,0.077
1670339178,1.009,0.081
1670339178,1.008,0.076
1670339178,1.012,0.076
1670339178,1.01,0.081
1670339178,1.009,0.08
1670339178,1.013,0.077
1670339178,1.01,0.078
1670339178,1.013,0.074
1670339178,1.012,0.081
1670339178,1.01,0.078
1670339178,1.011,0.075
1670339178,1.008,0.077
1670339178,1.011,0.082
1670339179,1.011,0.084
1670339179,1.013,0.085
1670339179,1.01,0.085
1670339179,1.012,0.072
1670339179,1.013,0.08
1670339179,1.011,0.08
1670339179,1.012,0.087
1670339179,1.012,0.077
1670339179,1.009,0.076
1670339179,1.01,0.082
1670339179,1.014,0.08
1670339179,1.011,0.091
1670339179,1.007,0.088
1670339179,1.01,0.078
1670339179,1.01,0.085
1670339179,1.012,0.076
1670339179,1.011,0.076
1670339179,1.01,0.078
1670339179,1.012,0.076
1670339179,1.012,0.076
1670339180,1.014,0.085
1670339180,1.007,0.081
1670339180,1.011,0.075
1670339180,1.01,0.075
1670339180,1.013,0.085
1670339180,1.01,0.077
1670339180,1.012,0.078
1670339180,1.014,0.074
1670339180,1.012,0.078
1670339180,1.01,0.076
1670339180,1.011,0.085
1670339180,1.01,0.076
1670339180,1.01,0.076
1670339180,1.012,0.079
1670339180,1.012,0.076
1670339180,1.008,0.079
1670339180,1.008,0.081
1670339180,1.012,0.076
1670339180,1.008,0.074
1670339180,1.011,0.081
1670339181,1.012,0.083
1670339181,1.013,0.084
1670339181,1.011,0.08
1670339181,1.014,0.089
1670339181,1.01,0.08
1670339181,1.014,0.069
1670339181,1.01,0.076
1670339181,1.012,0.084
1670339181,1.012,0.08
1670339181,1.01,0.085
1670339181,1.014,0.089
1670339181,1.015,0.077
1670339181,1.01,0.08
1670339181,1.012,0.08
1670339181,1.011,0.08
1670339181,1.005,0.076
1670339181,1.011,0.079
1670339181,1.009,0.074
1670339181,1.007,0.075
1670339181,1.012,0.081
1670339182,1.01,0.072
1670339182,1.012,0.07
1670339182,1.013,0.078
1670339182,1.01,0.078
1670339182,1.009,0.074
1670339182,1.01,0.08
1670339182,1.013,0.077
1670339182,1.012,0.082
1670339182,1.014,0.081
1670339182,1.014,0.075
1670339182,1.014,0.08
1670339182,1.01,0.072
1670339182,1.01,0.079
1670339182,1.012,0.074
1670339182,1.009,0.08
1670339182,1.011,0.08
1670339182,1.009,0.089
1670339182,1.008,0.081
1670339182,1.007,0.082
1670339182,1.011,0.078
1670339183,1.011,0.084
1670339183,1.011,0.08
1670339183,1.009,0.076
1670339183,1.011,0.083
1670339183,1.013,0.085
1670339183,1.009,0.08
1670339183,1.016,0.091
1670339183,1.008,0.085
1670339183,1.012,0.077
1670339183,1.014,0.076
1670339183,1.012,0.075
1670339183,1.012,0.072
1670339183,1.01,0.079
1670339183,1.011,0.075
1670339183,1.011,0.078
1670339183,1.01,0.087
1670339183,1.013,0.076
1670339183,1.011,0.08
1670339183,1.013,0.084
1670339183,1.01,0.074
1670339184,1.017,0.085
1670339184,1.008,0.078
1670339184,1.009,0.077
1670339184,1.01,0.08
1670339184,1.011,0.071
1670339184,1.009,0.079
1670339184,1.011,0.082
1670339184,1.012,0.084
1670339184,1.011,0.079
1670339184,1.013,0.08
1670339184,1.012,0.079
1670339184,1.012,0.079
1670339184,1.013,0.073
1670339184,1.009,0.074
1670339184,1.008,0.083
1670339184,1.011,0.079
1670339184,1.01,0.078
1670339184,1.01,0.075
1670339184,1.011,0.092
1670339184,1.013,0.08
1670339185,1.015,0.082
1670339185,1.014,0.078
1670339185,1.01,0.076
1670339185,1.011,0.077
1670339185,1.011,0.101
1670339185,1.012,0.086
1670339185,1.01,0.085
1670339185,1.011,0.089
1670339185,1.009,0.071
1670339185,1.011,0.096
1670339185,1.012,0.062
1670339185,1.012,0.08
1670339185,1.012,0.086
1670339185,1.01,0.087
1670339185,1.01,0.067
1670339185,1.012,0.083
1670339185,1.013,0.091
1670339185,1.01,0.075
1670339185,1.009,0.08
1670339185,1.012,0.074
1670339186,1.009,0.091
1670339186,1.01,0.083
1670339186,1.012,0.144
1670339186,1.011,0.088
1670339186,1.01,0.068
1670339186,1.009,0.089
1670339186,1.013,0.091
1670339186,1.014,0.069
1670339186,1.011,0.067
1670339186,1.014,0.067
1670339186,1.011,0.065
1670339186,1.009,0.078
1670339186,1.016,0.08
1670339186,1.012,0.108
1670339186,1.009,0.08
1670339186,1.011,0.067
1670339186,1.009,0.075
1670339186,1.01,0.061
1670339186,1.008,0.077
1670339186,1.01,0.048
1670339187,1.011,0.045
1670339187,1.008,0.1
1670339187,1.261,0.085
1670339187,2.444,0.084
1670339187,2.447,0.065
1670339187,2.444,0.057
1670339187,2.444,0.082
1670339187,2.443,0.076
1670339187,2.445,0.101
1670339187,2.443,0.092
1670339187,2.446,0.065
1670339187,2.445,0.076
1670339187,2.441,0.085
1670339187,2.443,0.058
1670339187,2.448,0.102
1670339187,2.444,0.058
1670339187,1.352,0.074
1670339187,1.01,0.098
1670339187,1.014,0.075
1670339187,1.012,0.074
1670339188,1.008,0.063
1670339188,1.011,0.092
1670339188,1.012,0.065
1670339188,1.014,0.093
1670339188,1.01,8.186
1670339188,1.011,8.178
1670339188,1.009,8.177
1670339188,1.007,8.183
1670339188,1.008,8.175
1670339188,1.01,8.179
1670339188,1.01,8.191
1670339188,1.007,8.185
1670339188,1.009,8.177
1670339188,1.009,7.214
1670339188,1.01,0.08
1670339188,1.014,0.083
1670339188,1.012,0.081
1670339188,1.006,0.057
1670339188,1.01,0.101
1670339188,1.012,0.081
1670339189,1.011,0.066
1670339189,1.01,0.089
1670339189,1.011,0.068
1670339189,1.013,0.128
1670339189,1.012,0.1
1670339189,1.015,0.122
1670339189,1.01,0.079
1670339189,1.01,0.086
1670339189,1.009,0.08
1670339189,1.008,0.065
1670339189,1.012,0.08
1670339189,1.011,0.087
1670339189,1.014,0.118
1670339189,1.01,0.088
1670339189,1.012,0.1
1670339189,1.013,0.084
1670339189,1.009,0.083
1670339189,1.012,0.088
1670339189,1.011,0.085
1670339189,1.009,0.074
1670339190,1.012,0.108
1670339190,1.012,0.033
1670339190,1.012,0.111
1670339190,1.012,0.078
1670339190,1.009,0.052
1670339190,1.011,0.115
1670339190,1.008,0.088
1670339190,1.009,0.08
1670339190,1.007,0.042
1670339190,1.01,0.087
1670339190,1.006,0.062
1670339190,1.011,0.077
1670339190,1.009,0.072
1670339190,1.011,0.095
1670339190,1.008,0.093
1670339190,1.009,0.075
1670339190,1.01,0.067
1670339190,1.009,0.074
1670339190,1.014,0.066
1670339190,1.01,0.075
1670339191,1.01,0.088
1670339191,1.008,0.09
1670339191,1.01,0.062
1670339191,1.009,0.1
1670339191,1.008,0.082
1670339191,1.011,0.101
1670339191,1.013,0.126
1670339191,1.009,0.071
1670339191,1.013,0.086
1670339191,1.008,0.078
1670339191,1.011,0.082
1670339191,1.01,0.072
1670339191,1.008,0.074
1670339191,1.008,0.057
1670339191,1.01,0.09
1670339191,1.01,0.08
1670339191,1.011,0.085
1670339191,1.013,0.079
1670339191,1.011,0.076
1670339191,1.009,0.069
1670339192,1.01,0.091
1670339192,1.013,0.093
1670339192,1.01,0.064
1670339192,1.01,0.096
1670339192,1.01,0.085
1670339192,1.012,0.085
1670339192,1.01,0.071
1670339192,1.011,0.086
1670339192,1.012,0.072
1670339192,1.01,0.078
1670339192,1.011,0.085
1670339192,1.011,0.086
1670339192,1.01,0.081
1670339192,1.01,0.091
1670339192,1.01,0.075
1670339192,1.012,0.087
1670339192,1.009,0.082
1670339192,1.011,0.086
1670339192,1.011,0.075
1670339192,1.01,0.07
1670339193,1.008,0.08
1670339193,1.011,0.076
1670339193,1.01,0.084
1670339193,1.011,0.073
1670339193,2.33,0.085
1670339193,2.445,0.085
1670339193,2.443,0.073
1670339193,2.444,0.074
1670339193,2.445,0.075
1670339193,2.446,0.083
1670339193,2.443,0.086
1670339193,2.443,0.079
1670339193,2.441,0.085
1670339193,2.443,0.086
1670339193,2.444,0.072
1670339193,2.441,0.083
1670339193,2.447,0.073
1670339193,2.447,0.078
1670339193,2.443,0.09
1670339193,1.268,0.075
1670339194,1.008,0.082
1670339194,1.01,0.079
1670339194,1.01,0.088
1670339194,1.006,0.078
1670339194,1.012,6.233
1670339194,1.01,8.171
1670339194,1.012,8.186
1670339194,1.008,8.184
1670339194,1.009,8.183
1670339194,1.01,8.186
1670339194,1.009,8.191
1670339194,1.01,8.176
1670339194,1.009,8.182
1670339194,1.01,8.185
1670339194,1.011,8.172
1670339194,1.007,8.178
1670339194,1.012,0.56
1670339194,1.011,0.082
1670339194,1.012,0.082
1670339194,1.008,0.074
1670339195,1.013,0.082
1670339195,1.013,0.087
1670339195,1.012,0.08
1670339195,1.012,0.082
1670339195,1.01,0.078
1670339195,1.009,0.08
1670339195,1.01,0.077
1670339195,1.011,0.083
1670339195,1.011,0.073
1670339195,1.008,0.083
1670339195,1.013,0.076
1670339195,1.01,0.08
1670339195,1.01,0.078
1670339195,1.007,0.086
1670339195,1.009,0.079
1670339195,1.009,0.078
1670339195,1.011,0.08
1670339195,1.007,0.085
1670339195,1.01,0.081
1670339195,1.014,0.079
1670339196,1.01,0.084
1670339196,1.011,0.079
1670339196,1.011,0.078
1670339196,1.007,0.078
1670339196,1.01,0.086
1670339196,1.01,0.074
1670339196,1.01,0.085
1670339196,1.012,0.076
1670339196,1.008,0.078
1670339196,1.012,0.079
1670339196,1.012,0.083
1670339196,0.999,0.075
1670339196,1.009,0.074
1670339196,1.011,0.08
1670339196,1.009,0.082
1670339196,1.012,0.078
1670339196,1.012,0.081
1670339196,1.011,0.079
1670339196,1.011,0.088
1670339196,1.01,0.074
1670339197,1.011,0.08
1670339197,1.009,0.082
1670339197,1.009,0.086
1670339197,1.013,0.082
1670339197,1.012,0.081
1670339197,1.013,0.072
1670339197,1.011,0.077
1670339197,1.01,0.077
1670339197,1.01,0.083
1670339197,1.011,0.082
1670339197,1.012,0.079
1670339197,1.011,0.079
1670339197,1.012,0.074
1670339197,1.013,0.077
1670339197,1.013,0.07
1670339197,1.013,0.09
1670339197,1.009,0.061
1670339197,1.01,0.075
1670339197,1.011,0.089
1670339197,1.011,0.083
1670339198,1.01,0.09
1670339198,1.01,0.07
1670339198,1.011,0.083
1670339198,1.013,0.059
1670339198,1.009,0.057
1670339198,1.012,0.095
1670339198,1.014,0.081
1670339198,1.013,0.082
1670339198,1.009,0.084
1670339198,1.011,0.081
1670339198,1.009,0.081
1670339198,1.01,0.082
1670339198,1.011,0.072
1670339198,1.009,0.075
1670339198,1.013,0.087
1670339198,1.013,0.082
1670339198,1.01,0.083
1670339198,1.009,0.077
1670339198,1.01,0.077
1670339198,1.012,0.079
1670339199,1.012,0.081
1670339199,1.009,0.087
1670339199,1.011,0.076
1670339199,1.011,0.086
1670339199,1.01,0.077
1670339199,1.013,0.083
1670339199,1.011,0.079
1670339199,1.01,0.075
1670339199,1.011,0.08
1670339199,1.012,0.081
1670339199,1.012,0.078
1670339199,1.008,0.072
1670339199,1.009,0.083
1670339199,1.018,0.081
1670339199,1.011,0.083
1670339199,1.008,0.088
1670339199,1.012,0.081
1670339199,1.009,0.08
1670339199,1.011,0.07
1670339199,1.01,0.081
1670339200,1.01,0.075
1670339200,1.005,0.083
1670339200,1.011,0.074
1670339200,1.01,0.083
1670339200,1.008,0.081
1670339200,1.009,0.08
1670339200,1.009,0.074
1670339200,1.012,0.074
1670339200,1.01,0.081
1670339200,1.01,0.085
1670339200,1.013,0.073
1670339200,1.007,0.074
1670339200,1.012,0.071
1670339200,1.011,0.08
1670339200,1.013,0.071
1670339200,1.008,0.084
1670339200,1.011,0.082
1670339200,1.009,0.085
1670339200,1.011,0.074
1670339200,1.008,0.074
1670339201,1.008,0.084
1670339201,1.008,0.068
1670339201,1.008,0.072
1670339201,1.012,0.082
1670339201,1.014,0.083
1670339201,1.012,0.079
1670339201,1.011,0.083
1670339201,1.01,0.082
1670339201,1.01,0.077
1670339201,1.013,0.081
1670339201,1.012,0.087
1670339201,1.011,0.079
1670339201,1.012,0.081
1670339201,1.012,0.08
1670339201,1.008,0.084
1670339201,1.011,0.081
1670339201,1.012,0.082
1670339201,1.011,0.082
1670339201,1.008,0.086
1670339201,1.012,0.083
1670339202,1.009,0.085
1670339202,1.012,0.079
1670339202,1.013,0.08
1670339202,1.008,0.082
1670339202,1.01,0.085
1670339202,1.014,0.082
1670339202,1.005,0.08
1670339202,1.009,0.084
1670339202,1.014,0.085
1670339202,1.012,0.082
1670339202,1.009,0.082
1670339202,1.011,0.079
1670339202,1.011,0.082
1670339202,1.009,0.079
1670339202,1.009,0.079
1670339202,1.012,0.086
1670339202,1.014,0.073
1670339202,1.011,0.079
1670339202,1.014,0.073
1670339202,1.012,0.079
1670339203,1.007,0.081
1670339203,1.012,0.078
1670339203,1.01,0.085
1670339203,1.008,0.08
1670339203,1.011,0.076
1670339203,1.009,0.08
1670339203,1.008,0.075
1670339203,1.008,0.076
1670339203,1.012,0.075
1670339203,1.012,0.074
1670339203,1.013,0.083
1670339203,1.012,0.073
1670339203,1.014,0.081
1670339203,1.009,0.085
1670339203,1.01,0.073
1670339203,1.012,0.08
1670339203,1.01,0.074
1670339203,1.012,0.069
1670339203,1.014,0.087
1670339203,1.011,0.07
1670339204,1.01,0.065
1670339204,1.012,0.092
1670339204,1.013,0.069
1670339204,1.008,0.073
1670339204,1.014,0.087
1670339204,1.012,0.072
1670339204,1.008,0.076
1670339204,1.013,0.074
1670339204,1.013,0.073
1670339204,1.014,0.079
1670339204,1.01,0.078
1670339204,1.011,0.08
1670339204,1.012,0.084
1670339204,1.009,0.074
1670339204,1.013,0.072
1670339204,1.013,0.077
1670339204,1.008,0.073
1670339204,1.012,0.086
1670339204,1.015,0.063
1670339204,1.013,0.083
1670339205,1.011,0.07
1670339205,1.014,0.073
1670339205,1.012,0.075
1670339205,1.009,0.045
1670339205,1.013,0.1
1670339205,1.009,0.088
1670339205,1.007,0.126
1670339205,1.008,0.121
1670339205,1.015,0.085
1670339205,1.008,0.053
1670339205,1.01,0.084
1670339205,1.013,0.064
1670339205,1.011,0.078
1670339205,1.012,0.099
1670339205,1.01,0.057
1670339205,1.013,0.108
1670339205,1.01,0.086
1670339205,1.008,0.062
1670339205,1.013,0.063
1670339205,1.013,0.078
1670339206,1.009,0.092
1670339206,1.013,0.08
1670339206,1.01,0.077
1670339206,1.008,0.069
1670339206,1.012,0.078
1670339206,1.013,0.068
1670339206,1.01,0.055
1670339206,1.013,0.046
1670339206,1.013,0.087
1670339206,1.01,0.075
1670339206,1.011,0.054
1670339206,1.009,0.056
1670339206,1.01,0.09
1670339206,1.01,0.067
1670339206,1.013,0.102
1670339206,1.012,0.083
1670339206,1.009,0.079
1670339206,1.01,0.089
1670339206,1.011,0.094
1670339206,1.011,0.111
1670339207,1.009,0.069
1670339207,1.008,0.051
1670339207,1.008,0.057
1670339207,1.011,0.113
1670339207,1.014,0.086
1670339207,1.01,0.088
1670339207,1.012,0.102
1670339207,1.009,0.065
1670339207,1.012,0.054
1670339207,1.013,0.076
1670339207,1.013,0.094
1670339207,1.012,0.087
1670339207,1.009,0.085
1670339207,1.01,0.065
1670339207,1.011,0.093
1670339207,1.011,0.074
1670339207,1.01,0.078
1670339207,1.011,0.072
1670339207,1.01,0.076
1670339207,1.009,0.072
1670339208,1.013,0.11
1670339208,1.012,0.078
1670339208,1.009,0.073
1670339208,1.01,0.1
1670339208,1.012,0.051
1670339208,1.013,0.099
1670339208,1.012,0.098
1670339208,1.014,0.09
1670339208,1.009,0.091
1670339208,1.007,0.068
1670339208,1.013,0.058
1670339208,1.011,0.097
1670339208,1.013,0.076
1670339208,1.011,0.085
1670339208,1.01,0.052
1670339208,1.009,0.091
1670339208,1.012,0.117
1670339208,1.01,0.097
1670339208,1.013,0.094
1670339208,1.006,0.051
1670339209,1.007,0.054
1670339209,1.01,0.082
1670339209,1.009,0.087
1670339209,1.007,0.073
1670339209,1.01,0.078
1670339209,1.011,0.06
1670339209,1.011,0.064
1670339209,1.007,0.097
1670339209,1.01,0.089
1670339209,1.01,0.083
1670339209,1.011,0.094
1670339209,1.012,0.086
1670339209,1.01,0.106
1670339209,1.012,0.069
1670339209,1.013,0.069
1670339209,1.009,0.071
1670339209,1.008,0.067
1670339209,1.014,0.093
1670339209,1.011,0.084
1670339209,1.009,0.053
1670339210,1.009,0.072
1670339210,1.013,0.08
1670339210,1.012,0.076
1670339210,1.012,0.084
1670339210,1.01,0.066
1670339210,1.009,0.081
1670339210,1.008,0.063
1670339210,1.014,0.073
1670339210,1.01,0.045
1670339210,1.011,0.071
1670339210,1.01,0.084
1670339210,1.008,0.065
1670339210,1.009,0.075
1670339210,1.008,0.075
1670339210,1.009,0.074
1670339210,1.014,0.074
1670339210,1.011,0.076
1670339210,1.007,0.083
1670339210,1.012,0.075
1670339210,1.007,0.081
1670339211,1.009,0.073
1670339211,1.009,0.082
1670339211,1.009,0.075
1670339211,1.011,0.079
1670339211,1.018,0.069
1670339211,1.008,0.074
1670339211,1.007,0.083
1670339211,1.009,0.082
1670339211,1.01,0.076
1670339211,1.008,0.088
1670339211,1.014,0.09
1670339211,1.01,0.082
1670339211,1.012,0.084
1670339211,1.008,0.083
1670339211,1.009,0.074
1670339211,1.005,0.075
1670339211,1.011,0.076
1670339211,1.013,0.08
1670339211,1.01,0.075
1670339211,1.009,0.068
1670339212,1.012,0.08
1670339212,1.009,0.081
1670339212,1.012,0.08
1670339212,1.007,0.076
1670339212,1.012,0.078
1670339212,1.009,0.08
1670339212,1.009,0.082
1670339212,1.011,0.083
1670339212,1.009,0.086
1670339212,1.008,0.078
1670339212,1.014,0.083
1670339212,1.007,0.075
1670339212,1.01,0.078
1670339212,1.013,0.086
1670339212,1.005,0.076
1670339212,1.009,0.074
1670339212,1.008,0.078
1670339212,1.008,0.088
1670339212,1.012,0.079
1670339212,1.008,0.082
1670339213,1.011,0.077
1670339213,1.011,0.074
1670339213,1.009,0.079
1670339213,1.012,0.075
1670339213,1.01,0.082
1670339213,1.009,0.072
1670339213,1.011,0.078
1670339213,1.007,0.088
1670339213,1.01,0.07
1670339213,1.012,0.076
1670339213,1.009,0.081
1670339213,1.007,0.077
1670339213,1.007,0.084
1670339213,1.007,0.084
1670339213,1.009,0.076
1670339213,1.01,0.087
1670339213,1.008,0.078
1670339213,1.013,0.085
1670339213,1.005,0.083
1670339213,1.011,0.079
1670339214,1.009,0.081
1670339214,1.01,0.084
1670339214,1.015,0.086
1670339214,1.013,0.085
1670339214,1.011,0.072
1670339214,1.011,0.076
1670339214,1.008,0.082
1670339214,1.011,0.084
1670339214,1.01,0.081
1670339214,1.009,0.072
1670339214,1.011,0.076
1670339214,1.01,0.075
1670339214,1.01,0.084
1670339214,1.012,0.081
1670339214,1.009,0.076
1670339214,1.012,0.079
1670339214,1.011,0.074
1670339214,1.012,0.075
1670339214,1.008,0.08
1670339214,1.011,0.081
1670339215,1.011,0.078
1670339215,1.008,0.076
1670339215,1.007,0.08
1670339215,1.011,0.072
1670339215,1.012,0.071
1670339215,1.007,0.082
1670339215,1.008,0.085
1670339215,1.011,0.077
1670339215,1.01,0.071
1670339215,1.013,0.078
1670339215,1.011,0.073
1670339215,1.013,0.073
1670339215,1.013,0.079
1670339215,1.007,0.076
1670339215,1.009,0.079
1670339215,1.013,0.078
1670339215,1.01,0.078
1670339215,1.012,0.077
1670339215,1.013,0.073
1670339215,1.008,0.077
1670339216,1.013,0.078
1670339216,1.01,0.08
1670339216,1.008,0.076
1670339216,1.009,0.091
1670339216,1.007,0.082
1670339216,1.012,0.077
1670339216,1.008,0.073
1670339216,1.009,0.076
1670339216,1.008,0.076
1670339216,1.009,0.075
1670339216,1.012,0.076
1670339216,1.009,0.074
1670339216,1.008,0.081
1670339216,1.012,0.072
1670339216,1.012,0.072
1670339216,1.011,0.076
1670339216,1.011,0.074
1670339216,1.009,0.078
1670339216,1.014,0.085
1670339216,1.009,0.076
1670339217,1.006,0.083
1670339217,1.01,0.075
1670339217,1.006,0.081
1670339217,1.008,0.081
1670339217,1.01,0.076
1670339217,1.01,0.08
1670339217,1.01,0.075
1670339217,1.006,0.08
1670339217,1.005,0.07
1670339217,1.011,0.072
1670339217,1.01,0.081
1670339217,1.007,0.085
1670339217,1.013,0.077
1670339217,1.01,0.078
1670339217,1.009,0.083
1670339217,1.01,0.072
1670339217,1.008,0.08
1670339217,1.014,0.087
1670339217,1.009,0.076
1670339217,1.009,0.083
1670339218,1.008,0.075
1670339218,1.007,0.077
1670339218,1.011,0.08
1670339218,1.009,0.077
1670339218,1.005,0.076
1670339218,1.011,0.072
1670339218,1.012,0.081
1670339218,1.008,0.087
1670339218,1.013,0.075
1670339218,1.011,0.079
1670339218,1.008,0.084
1670339218,1.012,0.075
1670339218,1.01,0.075
1670339218,1.012,0.073
1670339218,1.01,0.083
1670339218,1.009,0.071
1670339218,1.011,0.077
1670339218,1.01,0.077
1670339218,1.015,0.082
1670339218,1.012,0.078
1670339219,1.011,0.076
1670339219,1.011,0.068
1670339219,1.009,0.071
1670339219,1.013,0.077
1670339219,1.01,0.075
1670339219,1.012,0.075
1670339219,1.012,0.08
1670339219,1.009,0.075
1670339219,1.009,0.082
1670339219,1.013,0.087
1670339219,1.009,0.079
1670339219,1.011,0.07
1670339219,1.013,0.079
1670339219,1.008,0.081
1670339219,1.009,0.077
1670339219,1.008,0.072
1670339219,1.008,0.079
1670339219,1.01,0.072
1670339219,1.009,0.079
1670339219,1.008,0.069
1670339220,1.012,0.078
1670339220,1.01,0.076
1670339220,1.009,0.072
1670339220,1.009,0.075
1670339220,1.011,0.081
1670339220,1.011,0.079
1670339220,1.009,0.074
1670339220,1.008,0.078
1670339220,1.013,0.074
1670339220,1.011,0.085
1670339220,1.009,0.076
1670339220,1.926,0.079
1670339220,2.444,0.077
1670339220,2.438,0.083
1670339220,2.444,0.082
1670339220,2.444,0.074
1670339220,2.447,0.084
1670339220,2.443,0.082
1670339220,2.444,0.083
1670339220,2.446,0.079
1670339221,2.445,0.072
1670339221,2.446,0.084
1670339221,2.44,0.07
1670339221,2.439,0.082
1670339221,2.443,0.071
1670339221,2.445,0.08
1670339221,2.44,0.077
1670339221,2.444,0.085
1670339221,2.071,0.074
1670339221,1.01,0.07
1670339221,1.009,5.742
1670339221,1.007,8.172
1670339221,1.01,8.176
1670339221,1.008,8.178
1670339221,1.009,8.175
1670339221,1.009,8.187
1670339221,1.008,8.185
1670339221,1.008,8.179
1670339221,1.011,8.17
1670339221,1.01,8.179
1670339222,1.009,8.184
1670339222,1.007,8.18
1670339222,1.005,8.177
1670339222,1.007,8.173
1670339222,1.009,8.183
1670339222,1.009,8.183
1670339222,1.008,8.183
1670339222,1.008,4.277
1670339222,1.013,0.079
1670339222,1.012,0.09
1670339222,1.007,0.092
1670339222,1.009,0.082
1670339222,1.008,0.056
1670339222,1.011,0.071
1670339222,1.01,0.093
1670339222,1.008,0.072
1670339222,1.008,0.06
1670339222,1.009,0.073
1670339222,1.01,0.09
1670339222,1.013,0.106
1670339223,1.008,0.093
1670339223,1.008,0.074
1670339223,1.01,0.083
1670339223,1.007,0.087
1670339223,1.013,0.072
1670339223,1.009,0.082
1670339223,1.01,0.086
1670339223,1.008,0.067
1670339223,1.01,0.075
1670339223,1.009,0.067
1670339223,1.01,0.111
1670339223,1.007,0.067
1670339223,1.009,0.087
1670339223,1.011,0.073
1670339223,1.008,0.089
1670339223,1.012,0.066
1670339223,1.006,0.074
1670339223,1.009,0.068
1670339223,1.007,0.048
1670339223,1.007,0.072
1670339224,1.009,0.071
1670339224,1.009,0.068
1670339224,1.008,0.069
1670339224,1.012,0.059
1670339224,1.008,0.083
1670339224,1.007,0.1
1670339224,1.014,0.091
1670339224,1.009,0.079
1670339224,1.011,0.086
1670339224,1.006,0.064
1670339224,1.009,0.06
1670339224,1.011,0.086
1670339224,1.007,0.08
1670339224,1.009,0.076
1670339224,1.012,0.088
1670339224,1.006,0.088
1670339224,1.008,0.042
1670339224,1.012,0.076
1670339224,1.01,0.074
1670339224,1.009,0.087
1670339225,1.012,0.119
1670339225,1.012,0.068
1670339225,1.011,0.099
1670339225,1.01,0.098
1670339225,1.011,0.085
1670339225,1.013,0.113
1670339225,1.006,0.055
1670339225,1.011,0.074
1670339225,1.011,0.078
1670339225,1.01,0.065
1670339225,1.01,0.116
1670339225,1.006,0.019
1670339225,1.01,0.079
1670339225,1.01,0.056
1670339225,1.01,0.07
1670339225,1.011,0.091
1670339225,1.01,0.079
1670339225,1.009,0.085
1670339225,1.01,0.097
1670339225,1.007,0.086
1670339226,1.008,0.072
1670339226,1.011,0.085
1670339226,1.008,0.085
1670339226,1.01,0.065
1670339226,1.009,0.092
1670339226,1.009,0.089
1670339226,1.009,0.06
1670339226,1.01,0.051
1670339226,1.008,0.087
1670339226,1.011,0.094
1670339226,1.01,0.089
1670339226,1.009,0.088
1670339226,1.014,0.118
1670339226,1.007,0.033
1670339226,1.011,0.099
1670339226,1.007,0.097
1670339226,1.01,0.065
1670339226,1.012,0.071
1670339226,1.01,0.047
1670339226,1.008,0.064
1670339227,1.01,0.086
1670339227,1.009,0.086
1670339227,1.011,0.037
1670339227,1.01,0.081
1670339227,1.011,0.117
1670339227,1.008,0.037
1670339227,1.007,0.096
1670339227,1.012,0.085
1670339227,1.011,0.094
1670339227,1.01,0.101
1670339227,1.009,0.055
1670339227,1.008,0.077
1670339227,1.007,0.069
1670339227,1.012,0.101
1670339227,1.009,0.124
1670339227,1.01,0.077
1670339227,1.009,0.068
1670339227,1.01,0.082
1670339227,1.012,0.1
1670339227,1.007,0.109
1670339228,1.01,0.077
1670339228,1.009,0.077
1670339228,1.011,0.084
1670339228,1.01,0.092
1670339228,1.007,0.07
1670339228,1.009,0.079
1670339228,1.013,0.098
1670339228,1.011,0.093
1670339228,1.007,0.083
1670339228,1.009,0.088
1670339228,1.009,0.102
1670339228,1.011,0.075
1670339228,1.007,0.069
1670339228,1.01,0.086
1670339228,1.013,0.08
1670339228,1.008,0.064
1670339228,1.008,0.094
1670339228,1.011,0.065
1670339228,1.009,0.075
1670339228,2.07,0.082
1670339229,2.446,0.089
1670339229,2.444,0.079
1670339229,2.448,0.1
1670339229,2.443,0.074
1670339229,2.444,0.08
1670339229,2.448,0.08
1670339229,2.444,0.08
1670339229,2.447,0.092
1670339229,2.44,0.071
1670339229,2.44,0.083
1670339229,2.448,0.076
1670339229,2.441,0.072
1670339229,2.441,0.074
1670339229,2.445,0.086
1670339229,2.441,0.079
1670339229,2.07,0.08
1670339229,1.009,0.077
1670339229,1.009,0.074
1670339229,1.013,0.083
1670339229,1.008,6.4
1670339230,1.01,8.186
1670339230,1.009,8.186
1670339230,1.008,8.175
1670339230,1.003,8.196
1670339230,1.012,8.177
1670339230,1.005,8.181
1670339230,1.011,8.179
1670339230,1.008,8.183
1670339230,1.008,8.18
1670339230,1.097,8.179
1670339230,2.443,8.178
1670339230,2.44,8.178
1670339230,2.443,8.188
1670339230,2.441,1.053
1670339230,2.441,0.08
1670339230,2.445,0.08
1670339230,2.443,0.074
1670339230,2.442,0.077
1670339230,2.443,0.079
1670339230,2.444,0.077
1670339231,2.447,0.073
1670339231,2.439,0.076
1670339231,2.443,0.078
1670339231,2.442,0.081
1670339231,2.445,0.085
1670339231,1.414,0.085
1670339231,1.01,0.079
1670339231,1.009,0.082
1670339231,1.012,0.078
1670339231,1.009,0.08
1670339231,1.012,7.058
1670339231,1.006,8.181
1670339231,1.006,8.179
1670339231,1.011,8.18
1670339231,1.008,8.184
1670339231,1.009,8.174
1670339231,1.006,8.188
1670339231,1.007,8.183
1670339231,1.012,8.18
1670339231,1.006,8.18
1670339232,1.011,8.179
1670339232,1.007,8.175
1670339232,1.01,3.162
1670339232,1.014,0.068
1670339232,1.01,0.099
1670339232,1.008,0.077
1670339232,1.013,0.092
1670339232,1.006,0.077
1670339232,1.007,0.078
1670339232,1.012,0.081
1670339232,1.008,0.08
1670339232,1.005,0.078
1670339232,1.011,0.075
1670339232,1.009,0.085
1670339232,1.009,0.08
1670339232,1.01,0.081
1670339232,1.007,0.078
1670339232,1.011,0.083
1670339232,1.005,0.083
1670339232,1.008,0.079
1670339233,1.012,0.079
1670339233,1.007,0.08
1670339233,1.012,0.078
1670339233,1.01,0.073
1670339233,1.005,0.091
1670339233,1.012,0.069
1670339233,1.012,0.077
1670339233,1.008,0.078
1670339233,1.008,0.071
1670339233,1.011,0.085
1670339233,1.01,0.07
1670339233,1.009,0.086
1670339233,1.008,0.084
1670339233,1.009,0.085
1670339233,1.008,0.07
1670339233,1.011,0.078
1670339233,1.011,0.079
1670339233,1.01,0.081
1670339233,1.01,0.082
1670339233,1.009,0.083
1670339234,1.01,0.074
1670339234,1.011,0.078
1670339234,1.007,0.078
1670339234,1.011,0.086
1670339234,1.011,0.075
1670339234,1.007,0.076
1670339234,1.011,0.086
1670339234,1.009,0.084
1670339234,1.01,0.075
1670339234,1.013,0.081
1670339234,1.011,0.083
1670339234,1.007,0.079
1670339234,1.015,0.084
1670339234,1.009,0.081
1670339234,1.009,0.074
1670339234,1.014,0.076
1670339234,1.012,0.088
1670339234,1.008,0.08
1670339234,1.011,0.066
1670339234,1.01,0.093
1670339235,1.008,0.069
1670339235,1.009,0.082
1670339235,1.009,0.069
1670339235,1.011,0.085
1670339235,1.011,0.082
1670339235,1.009,0.077
1670339235,1.013,0.101
1670339235,1.009,0.058
1670339235,1.011,0.088
1670339235,1.008,0.078
1670339235,1.008,0.078
1670339235,1.009,0.081
1670339235,1.009,0.072
1670339235,1.011,0.086
1670339235,1.01,0.071
1670339235,1.011,0.08
1670339235,1.009,0.079
1670339235,1.011,0.079
1670339235,1.011,0.084
1670339235,1.009,0.082
1670339236,1.007,0.086
1670339236,1.01,0.08
1670339236,1.01,0.082
1670339236,1.008,0.079
1670339236,1.009,0.078
1670339236,1.011,0.079
1670339236,1.011,0.081
1670339236,1.012,0.087
1670339236,1.01,0.073
1670339236,1.01,0.078
1670339236,1.007,0.081
1670339236,1.01,0.087
1670339236,1.007,0.077
1670339236,1.009,0.087
1670339236,1.005,0.076
1670339236,1.009,0.078
1670339236,1.006,0.077
1670339236,1.01,0.075
1670339236,1.013,0.085
1670339236,1.007,0.076
1670339237,1.01,0.079
1670339237,1.014,0.079
1670339237,1.007,0.074
1670339237,1.009,0.081
1670339237,1.011,0.082
1670339237,1.008,0.085
1670339237,1.009,0.08
1670339237,1.01,0.078
1670339237,1.012,0.079
1670339237,1.01,0.076
1670339237,1.01,0.079
1670339237,1.011,0.08
1670339237,1.008,0.082
1670339237,1.01,0.076
1670339237,1.008,0.08
1670339237,1.007,0.079
1670339237,1.008,0.079
1670339237,1.01,0.084
1670339237,1.011,0.081
1670339237,1.009,0.078
1670339238,1.005,0.079
1670339238,1.009,0.073
1670339238,1.008,0.075
1670339238,1.01,0.079
1670339238,1.009,0.075
1670339238,1.007,0.079
1670339238,1.007,0.075
1670339238,1.01,0.073
1670339238,1.01,0.086
1670339238,1.011,0.084
1670339238,1.011,0.076
1670339238,1.008,0.085
1670339238,1.011,0.076
1670339238,1.006,0.084
1670339238,1.011,0.078
1670339238,1.01,0.073
1670339238,1.005,0.082
1670339238,1.012,0.077
1670339238,1.012,0.085
1670339238,1.008,0.075
1670339239,1.008,0.078
1670339239,1.011,0.082
1670339239,1.005,0.064
1670339239,1.011,0.078
1670339239,1.008,0.079
1670339239,1.007,0.074
1670339239,1.015,0.083
1670339239,1.01,0.075
1670339239,1.013,0.075
1670339239,1.01,0.073
1670339239,1.009,0.08
1670339239,1.009,0.086
1670339239,1.006,0.077
1670339239,1.009,0.073
1670339239,1.008,0.078
1670339239,1.009,0.079
1670339239,1.007,0.082
1670339239,1.011,0.076
1670339239,1.008,0.083
1670339239,1.01,0.076
1670339240,1.01,0.078
1670339240,1.007,0.082
1670339240,1.009,0.081
1670339240,1.012,0.082
1670339240,1.012,0.083
1670339240,1.006,0.078
1670339240,1.006,0.081
1670339240,1.011,0.072
1670339240,1.009,0.081
1670339240,1.007,0.074
1670339240,1.01,0.081
1670339240,1.011,0.092
1670339240,1.01,0.076
1670339240,1.008,0.077
1670339240,1.01,0.073
1670339240,1.009,0.064
1670339240,1.008,0.068
1670339240,1.012,0.076
1670339240,1.011,0.07
1670339240,1.009,0.099
1670339241,1.01,0.079
1670339241,1.012,0.074
1670339241,1.012,0.083
1670339241,1.016,0.125
1670339241,1.009,0.08
1670339241,1.008,0.08
1670339241,1.007,0.076
1670339241,1.008,0.078
1670339241,1.01,0.077
1670339241,1.007,0.078
1670339241,1.008,0.072
1670339241,1.01,0.084
1670339241,1.009,0.087
1670339241,1.007,0.055
1670339241,1.013,0.086
1670339241,1.008,0.063
1670339241,1.016,0.11
1670339241,1.009,0.069
1670339241,1.011,0.077
1670339241,1.009,0.082
1670339242,1.008,0.101
1670339242,1.009,0.075
1670339242,1.01,0.064
1670339242,1.01,0.098
1670339242,1.013,0.09
1670339242,1.013,0.08
1670339242,1.014,0.105
1670339242,1.01,0.025
1670339242,1.01,0.083
1670339242,1.009,0.057
1670339242,1.01,0.083
1670339242,1.008,0.032
1670339242,1.007,0.091
1670339242,1.008,0.05
1670339242,1.005,0.057
1670339242,1.011,0.092
1670339242,1.007,0.105
1670339242,1.007,0.047
1670339242,1.007,0.052
1670339242,1.009,0.064
1670339243,1.007,0.081
1670339243,1.012,0.079
1670339243,1.008,0.087
1670339243,1.007,0.056
1670339243,1.015,0.12
1670339243,1.008,0.073
1670339243,1.013,0.08
1670339243,1.011,0.083
1670339243,1.011,0.082
1670339243,1.013,0.087
1670339243,1.01,0.076
1670339243,1.009,0.068
1670339243,1.007,0.097
1670339243,1.01,0.061
1670339243,1.007,0.061
1670339243,1.006,0.091
1670339243,1.008,0.059
1670339243,1.008,0.083
1670339243,1.01,0.037
1670339243,1.012,0.081
1670339244,1.009,0.095
1670339244,1.007,0.057
1670339244,1.011,0.044
1670339244,1.007,0.077
1670339244,1.008,0.087
1670339244,1.011,0.071
1670339244,1.008,0.06
1670339244,1.012,0.107
1670339244,1.009,0.057
1670339244,1.008,0.078
1670339244,1.012,0.069
1670339244,1.01,0.083
1670339244,1.005,0.051
1670339244,1.01,0.056
1670339244,1.008,0.084
1670339244,1.01,0.075
1670339244,1.01,0.076
1670339244,1.013,0.08
1670339244,1.012,0.082
1670339244,1.011,0.075
1670339245,1.009,0.041
1670339245,1.011,0.082
1670339245,1.008,0.082
1670339245,1.013,0.093
1670339245,1.012,0.084
1670339245,1.012,0.037
1670339245,1.012,0.098
1670339245,1.01,0.078
1670339245,1.008,0.069
1670339245,1.008,0.072
1670339245,1.009,0.072
1670339245,1.01,0.12
1670339245,1.01,0.047
1670339245,1.011,0.061
1670339245,1.011,0.096
1670339245,1.01,0.067
1670339245,1.01,0.082
1670339245,1.012,0.075
1670339245,1.006,0.051
1670339245,1.011,0.083
1670339246,1.013,0.126
1670339246,1.012,0.084
1670339246,1.01,0.087
1670339246,1.012,0.073
1670339246,1.013,0.096
1670339246,1.015,0.084
1670339246,1.011,0.091
1670339246,1.011,0.095
1670339246,1.013,0.077
1670339246,1.011,0.09
1670339246,1.015,0.101
1670339246,1.012,0.08
1670339246,1.01,0.08
1670339246,1.011,0.07
1670339246,1.009,0.05
1670339246,1.013,0.073
1670339246,1.009,0.076
1670339246,1.008,0.059
1670339246,1.012,0.087
1670339246,1.012,0.056
1670339247,1.013,0.082
1670339247,1.01,0.069
1670339247,1.01,0.077
1670339247,1.009,0.091
1670339247,1.011,0.081
1670339247,1.009,0.048
1670339247,1.011,0.057
1670339247,1.009,0.058
1670339247,1.008,0.099
1670339247,2.301,0.085
1670339247,2.444,0.083
1670339247,2.443,0.068
1670339247,2.444,0.054
1670339247,2.446,0.102
1670339247,2.443,0.076
1670339247,2.443,0.069
1670339247,2.445,0.069
1670339247,2.446,0.075
1670339247,2.445,0.067
1670339247,2.445,0.089
1670339248,2.444,0.081
1670339248,2.444,0.068
1670339248,2.444,0.076
1670339248,2.445,0.081
1670339248,1.182,0.069
1670339248,1.011,0.075
1670339248,1.011,0.066
1670339248,1.011,0.083
1670339248,1.008,0.079
1670339248,1.011,6.727
1670339248,1.012,8.176
1670339248,1.01,8.181
1670339248,1.006,8.174
1670339248,1.009,8.174
1670339248,1.006,8.18
1670339248,1.005,8.185
1670339248,1.011,8.179
1670339248,1.01,8.179
1670339248,1.007,8.185
1670339248,1.013,8.178
1670339249,1.01,8.177
1670339249,1.011,8.176
1670339249,1.007,8.186
1670339249,1.012,0.4
1670339249,1.01,0.079
1670339249,1.012,0.071
1670339249,1.01,0.07
1670339249,1.006,0.091
1670339249,1.009,0.078
1670339249,1.012,0.076
1670339249,1.009,0.073
1670339249,1.011,0.074
1670339249,1.013,0.076
1670339249,1.009,0.074
1670339249,1.011,0.079
1670339249,1.012,0.074
1670339249,1.008,0.071
1670339249,1.01,0.072
1670339249,1.011,0.075
1670339249,1.011,0.09
1670339250,1.012,0.079
1670339250,1.009,0.072
1670339250,1.01,0.073
1670339250,1.012,0.076
1670339250,1.008,0.083
1670339250,1.008,0.081
1670339250,1.011,0.072
1670339250,1.009,0.087
1670339250,1.012,0.072
1670339250,1.011,0.079
1670339250,1.01,0.079
1670339250,1.014,0.079
1670339250,1.011,0.079
1670339250,1.013,0.066
1670339250,1.013,0.078
1670339250,1.008,0.084
1670339250,1.01,0.072
1670339250,1.008,0.081
1670339250,1.012,0.08
1670339250,1.013,0.08
1670339251,1.012,0.079
1670339251,1.009,0.085
1670339251,1.013,0.076
1670339251,1.011,0.085
1670339251,1.012,0.081
1670339251,1.013,0.083
1670339251,1.01,0.08
1670339251,1.01,0.078
1670339251,1.013,0.084
1670339251,1.011,0.078
1670339251,1.012,0.084
1670339251,1.013,0.087
1670339251,1.012,0.082
1670339251,1.012,0.082
1670339251,1.009,0.073
1670339251,1.013,0.076
1670339251,1.011,0.076
1670339251,1.013,0.078
1670339251,1.012,0.08
1670339251,1.011,0.079
1670339252,1.01,0.076
1670339252,1.012,0.075
1670339252,1.013,0.077
1670339252,1.011,0.074
1670339252,1.01,0.074
1670339252,1.01,0.079
1670339252,1.012,0.078
1670339252,1.008,0.069
1670339252,1.011,0.078
1670339252,1.012,0.076
1670339252,1.009,0.078
1670339252,1.01,0.087
1670339252,1.012,0.077
1670339252,1.009,0.079
1670339252,1.01,0.081
1670339252,1.012,0.07
1670339252,1.014,0.082
1670339252,1.009,0.074
1670339252,1.011,0.074
1670339252,1.011,0.086
1670339253,1.014,0.084
1670339253,1.01,0.078
1670339253,1.011,0.077
1670339253,1.011,0.083
1670339253,1.011,0.067
1670339253,1.006,0.081
1670339253,1.009,0.084
1670339253,1.011,0.081
1670339253,1.013,0.071
1670339253,1.01,0.071
1670339253,1.01,0.075
1670339253,1.01,0.073
1670339253,1.011,0.087
1670339253,1.01,0.086
1670339253,1.012,0.076
1670339253,1.01,0.075
1670339253,1.006,0.075
1670339253,1.009,0.07
1670339253,1.009,0.078
1670339253,1.008,0.076
1670339254,1.008,0.07
1670339254,1.012,0.076
1670339254,1.01,0.075
1670339254,1.011,0.076
1670339254,1.009,0.082
1670339254,1.01,0.083
1670339254,1.01,0.079
1670339254,1.011,0.073
1670339254,1.008,0.076
1670339254,1.011,0.089
1670339254,1.01,0.078
1670339254,1.013,0.077
1670339254,1.01,0.08
1670339254,1.009,0.076
1670339254,1.013,0.073
1670339254,1.011,0.079
1670339254,1.014,0.08
1670339254,1.008,0.074
1670339254,1.011,0.075
1670339254,1.012,0.071
1670339255,1.012,0.082
1670339255,1.009,0.075
1670339255,1.013,0.082
1670339255,1.009,0.08
1670339255,1.012,0.084
1670339255,1.012,0.077
1670339255,1.009,0.08
1670339255,1.013,0.074
1670339255,1.011,0.089
1670339255,1.007,0.083
1670339255,1.008,0.077
1670339255,1.011,0.072
1670339255,1.008,0.078
1670339255,1.013,0.082
1670339255,1.01,0.076
1670339255,1.01,0.082
1670339255,1.012,0.079
1670339255,1.01,0.087
1670339255,1.009,0.075
1670339255,1.007,0.078
1670339256,1.01,0.069
1670339256,1.012,0.083
1670339256,1.009,0.083
1670339256,1.012,0.076
1670339256,1.011,0.077
1670339256,1.001,0.077
1670339256,1.013,0.08
1670339256,1.012,0.074
1670339256,1.011,0.066
1670339256,1.011,0.082
1670339256,1.01,0.078
1670339256,1.011,0.078
1670339256,1.008,0.08
1670339256,1.006,0.081
1670339256,1.016,0.078
1670339256,1.013,0.083
1670339256,1.01,0.075
1670339256,1.012,0.08
1670339256,1.009,0.086
1670339256,1.009,0.077
1670339257,1.009,0.077
1670339257,1.012,0.079
1670339257,1.012,0.074
1670339257,1.014,0.084
1670339257,1.01,0.076
1670339257,1.013,0.076
1670339257,1.008,0.076
1670339257,1.01,0.071
1670339257,1.01,0.08
1670339257,1.012,0.078
1670339257,1.01,0.078
1670339257,1.013,0.081
1670339257,1.007,0.079
1670339257,1.01,0.087
1670339257,1.009,0.076
1670339257,1.011,0.08
1670339257,1.008,0.08
1670339257,1.01,0.088
1670339257,1.009,0.074
1670339257,1.01,0.077
1670339258,1.01,0.08
1670339258,1.009,0.077
1670339258,1.01,0.08
1670339258,1.007,0.079
1670339258,1.009,0.085
1670339258,1.012,0.079
1670339258,1.003,0.074
1670339258,1.013,0.075
1670339258,1.007,0.076
1670339258,1.01,0.074
1670339258,1.009,0.084
1670339258,1.008,0.084
1670339258,1.012,0.081
1670339258,1.01,0.082
1670339258,1.008,0.081
1670339258,1.01,0.08
1670339258,1.008,0.088
1670339258,1.009,0.083
1670339258,1.01,0.077
1670339258,1.007,0.08
1670339259,1.009,0.078
1670339259,1.011,0.08
1670339259,1.01,0.084
1670339259,1.01,0.077
1670339259,1.009,0.078
1670339259,1.008,0.078
1670339259,1.007,0.083
1670339259,1.01,0.085
1670339259,1.01,0.08
1670339259,1.011,0.079
1670339259,1.009,0.083
1670339259,1.011,0.079
1670339259,1.013,0.08
1670339259,1.011,0.074
1670339259,1.01,0.074
1670339259,1.011,0.078
1670339259,1.009,0.084
1670339259,1.009,0.079
1670339259,1.009,0.077
1670339259,1.008,0.082
1670339260,1.007,0.08
1670339260,1.013,0.075
1670339260,1.012,0.087
1670339260,1.011,0.076
1670339260,1.009,0.085
1670339260,1.011,0.077
1670339260,1.009,0.081
1670339260,1.01,0.084
1670339260,1.007,0.082
1670339260,1.009,0.081
1670339260,1.011,0.077
1670339260,1.011,0.076
1670339260,1.008,0.077
1670339260,1.01,0.076
1670339260,1.009,0.079
1670339260,1.007,0.082
1670339260,1.009,0.071
1670339260,1.01,0.076
1670339260,1.006,0.083
1670339260,1.01,0.076
1670339261,1.011,0.073
1670339261,1.008,0.074
1670339261,1.009,0.075
1670339261,1.009,0.082
1670339261,1.013,0.079
1670339261,1.009,0.079
1670339261,1.008,0.08
1670339261,1.009,0.076
1670339261,1.009,0.079
1670339261,1.007,0.086
1670339261,1.011,0.079
1670339261,1.01,0.073
1670339261,1.007,0.078
1670339261,1.011,0.075
1670339261,1.011,0.081
1670339261,1.009,0.075
1670339261,1.008,0.078
1670339261,1.01,0.071
1670339261,1.011,0.081
1670339261,1.01,0.08
1670339262,1.008,0.077
1670339262,1.011,0.08
1670339262,1.008,0.08
1670339262,1.009,0.081
1670339262,1.013,0.085
1670339262,1.013,0.079
1670339262,1.013,0.087
1670339262,1.009,0.076
1670339262,1.006,0.075
1670339262,1.009,0.073
1670339262,1.009,0.073
1670339262,1.011,0.084
1670339262,1.011,0.072
1670339262,1.011,0.075
1670339262,1.009,0.087
1670339262,1.008,0.075
1670339262,1.01,0.084
1670339262,1.01,0.078
1670339262,1.008,0.071
1670339262,1.008,0.074
1670339263,1.01,0.077
1670339263,1.007,0.069
1670339263,1.008,0.07
1670339263,1.012,0.088
1670339263,1.009,0.078
1670339263,1.011,0.077
1670339263,1.015,0.079
1670339263,1.01,0.084
1670339263,1.014,0.066
1670339263,1.01,0.071
1670339263,1.01,0.08
1670339263,1.01,0.081
1670339263,1.01,0.076
1670339263,1.012,0.087
1670339263,1.011,0.076
1670339263,1.013,0.073
1670339263,1.013,0.081
1670339263,1.013,0.08
1670339263,1.011,0.084
1670339263,1.013,0.088
1670339264,1.01,0.076
1670339264,1.013,0.071
1670339264,1.013,0.072
1670339264,1.01,0.077
1670339264,1.008,0.06
1670339264,1.011,0.085
1670339264,1.012,0.077
1670339264,1.01,0.083
1670339264,1.011,0.085
1670339264,1.009,0.079
1670339264,1.008,0.074
1670339264,1.008,0.082
1670339264,1.01,0.075
1670339264,1.009,0.077
1670339264,1.007,0.08
1670339264,1.012,0.077
1670339264,1.009,0.09
1670339264,1.011,0.083
1670339264,1.012,0.078
1670339264,1.013,0.079
1670339265,1.011,0.068
1670339265,1.013,0.069
1670339265,1.01,0.072
1670339265,1.012,0.077
1670339265,1.01,0.086
1670339265,1.006,0.085
1670339265,1.013,0.081
1670339265,1.007,0.077
1670339265,1.011,0.079
1670339265,1.006,0.08
1670339265,1.008,0.076
1670339265,1.013,0.083
1670339265,1.013,0.088
1670339265,1.01,0.081
1670339265,1.008,0.068
1670339265,1.007,0.073
1670339265,1.011,0.077
1670339265,1.01,0.082
1670339265,1.007,0.083
1670339265,1.01,0.074
1670339266,1.011,0.08
1670339266,1.006,0.079
1670339266,1.011,0.073
1670339266,1.007,0.072
1670339266,1.013,0.077
1670339266,1.012,0.074
1670339266,1.01,0.08
1670339266,1.01,0.082
1670339266,1.009,0.078
1670339266,1.008,0.067
1670339266,1.012,0.079
1670339266,1.01,0.078
1670339266,1.011,0.08
1670339266,1.011,0.078
1670339266,1.009,0.078
1670339266,1.009,0.089
1670339266,1.012,0.087
1670339266,1.008,0.081
1670339266,1.007,0.083
1670339266,1.008,0.083
1670339267,1.011,0.075
1670339267,1.011,0.073
1670339267,1.007,0.084
1670339267,1.012,0.076
1670339267,1.012,0.085
1670339267,1.011,0.077
1670339267,1.009,0.073
1670339267,1.009,0.079
1670339267,1.013,0.075
1670339267,1.013,0.084
1670339267,1.009,0.079
1670339267,1.011,0.077
1670339267,1.011,0.082
1670339267,1.008,0.076
1670339267,1.012,0.071
1670339267,1.009,0.074
1670339267,1.009,0.083
1670339267,1.008,0.089
1670339267,1.008,0.076
1670339267,1.01,0.082
1670339268,1.01,0.077
1670339268,1.008,0.078
1670339268,1.008,0.076
1670339268,1.011,0.077
1670339268,1.009,0.074
1670339268,1.011,0.082
1670339268,1.007,0.082
1670339268,1.008,0.086
1670339268,1.008,0.081
1670339268,1.009,0.078
1670339268,1.01,0.075
1670339268,1.012,0.077
1670339268,1.01,0.085
1670339268,1.012,0.083
1670339268,1.012,0.074
1670339268,1.011,0.076
1670339268,1.012,0.08
1670339268,1.009,0.08
1670339268,1.01,0.077
1670339268,1.011,0.075
1670339269,1.008,0.077
1670339269,1.01,0.083
1670339269,1.009,0.077
1670339269,1.01,0.076
1670339269,1.01,0.086
1670339269,1.01,0.075
1670339269,1.011,0.073
1670339269,1.01,0.076
1670339269,1.01,0.078
1670339269,1.013,0.079
1670339269,1.011,0.075
1670339269,1.006,0.084
1670339269,1.012,0.075
1670339269,1.013,0.077
1670339269,1.012,0.079
1670339269,1.011,0.085
1670339269,1.011,0.076
1670339269,1.007,0.077
1670339269,1.009,0.074
1670339269,1.012,0.078
1670339270,1.011,0.084
1670339270,1.013,0.078
1670339270,1.011,0.076
1670339270,1.007,0.078
1670339270,1.012,0.081
1670339270,1.011,0.074
1670339270,1.008,0.079
1670339270,1.01,0.082
1670339270,1.013,0.077
1670339270,1.008,0.079
1670339270,1.009,0.084
1670339270,1.012,0.078
1670339270,1.01,0.076
1670339270,1.013,0.076
1670339270,1.012,0.078
1670339270,1.009,0.073
1670339270,1.011,0.065
1670339270,1.005,0.073
1670339270,1.011,0.075
1670339270,1.01,0.074
1670339271,1.009,0.07
1670339271,1.011,0.074
1670339271,1.013,0.073
1670339271,1.009,0.079
1670339271,1.013,0.08
1670339271,1.007,0.079
1670339271,1.009,0.08
1670339271,1.012,0.076
1670339271,1.011,0.075
1670339271,1.011,0.081
1670339271,1.009,0.076
1670339271,1.011,0.076
1670339271,1.011,0.071
1670339271,1.009,0.077
1670339271,1.015,0.076
1670339271,1.011,0.084
1670339271,1.01,0.074
1670339271,1.009,0.074
1670339271,1.01,0.085
1670339271,1.011,0.084
1670339272,1.012,0.077
1670339272,1.01,0.077
1670339272,1.014,0.08
1670339272,1.007,0.092
1670339272,1.008,0.083
1670339272,1.011,0.079
1670339272,1.011,0.07
1670339272,1.011,0.073
1670339272,1.013,0.072
1670339272,1.011,0.078
1670339272,1.011,0.079
1670339272,1.016,0.076
1670339272,1.009,0.071
1670339272,1.011,0.069
1670339272,1.009,0.082
1670339272,1.008,0.08
1670339272,1.01,0.073
1670339272,1.009,0.077
1670339272,1.013,0.078
1670339272,1.013,0.08
1670339273,1.009,0.077
1670339273,1.012,0.075
1670339273,1.009,0.079
1670339273,1.011,0.071
1670339273,1.013,0.082
1670339273,1.011,0.08
1670339273,1.013,0.081
1670339273,1.013,0.081
1670339273,1.009,0.083
1670339273,1.01,0.091
1670339273,1.011,0.082
1670339273,1.007,0.073
1670339273,1.015,0.083
1670339273,1.008,0.077
1670339273,1.005,0.077
1670339273,1.011,0.08
1670339273,1.01,0.078
1670339273,1.008,0.073
1670339273,1.01,0.071
1670339273,1.008,0.079
1670339274,1.01,0.076
1670339274,1.008,0.08
1670339274,1.008,0.082
1670339274,1.01,0.082
1670339274,1.01,0.082
1670339274,1.01,0.079
1670339274,1.008,0.082
1670339274,1.011,0.086
1670339274,1.009,0.088
1670339274,1.01,0.081
1670339274,1.009,0.077
1670339274,1.011,0.078
1670339274,1.012,0.081
1670339274,1.012,0.068
1670339274,1.01,0.082
1670339274,1.008,0.082
1670339274,1.006,0.075
1670339274,1.009,0.08
1670339274,1.008,0.078
1670339274,1.011,0.084
1670339275,1.009,0.076
1670339275,1.01,0.073
1670339275,1.009,0.075
1670339275,1.01,0.077
1670339275,1.02,0.085
1670339275,1.012,0.077
1670339275,1.009,0.074
1670339275,1.01,0.078
1670339275,1.01,0.075
1670339275,1.01,0.071
1670339275,1.012,0.081
1670339275,1.007,0.076
1670339275,1.008,0.083
1670339275,1.008,0.08
1670339275,1.009,0.074
1670339275,1.011,0.082
1670339275,1.011,0.079
1670339275,1.011,0.078
1670339275,1.008,0.067
1670339275,1.01,0.081
1670339276,1.009,0.087
1670339276,1.009,0.077
1670339276,1.01,0.077
1670339276,1.015,0.077
1670339276,1.011,0.076
1670339276,1.006,0.076
1670339276,1.011,0.074
1670339276,1.009,0.08
1670339276,1.008,0.084
1670339276,1.011,0.077
1670339276,1.01,0.081
1670339276,1.012,0.082
1670339276,1.009,0.08
1670339276,1.01,0.072
1670339276,1.01,0.081
1670339276,1.012,0.074
1670339276,1.013,0.08
1670339276,1.006,0.083
1670339276,1.012,0.079
1670339276,1.01,0.078
1670339277,1.007,0.081
1670339277,1.007,0.079
1670339277,1.012,0.076
1670339277,1.01,0.079
1670339277,1.01,0.088
1670339277,1.009,0.072
1670339277,1.011,0.082
1670339277,1.011,0.075
1670339277,1.01,0.079
1670339277,1.01,0.08
1670339277,1.011,0.089
1670339277,1.006,0.051
1670339277,1.012,0.077
1670339277,1.01,0.084
1670339277,1.01,0.096
1670339277,1.013,0.069
1670339277,1.008,0.082
1670339277,1.008,0.085
1670339277,1.012,0.072
1670339277,1.008,0.065
1670339278,1.012,0.085
1670339278,1.008,0.069
1670339278,1.011,0.083
1670339278,1.013,0.092
1670339278,1.009,0.076
1670339278,1.008,0.061
1670339278,1.013,0.084
1670339278,1.011,0.091
1670339278,1.009,0.063
1670339278,1.011,0.089
1670339278,1.013,0.077
1670339278,1.01,0.038
1670339278,1.013,0.084
1670339278,1.012,0.079
1670339278,1.012,0.081
1670339278,1.012,0.059
1670339278,1.013,0.075
1670339278,1.011,0.087
1670339278,1.009,0.079
1670339278,1.009,0.09
1670339279,1.009,0.094
1670339279,1.01,0.08
1670339279,2.447,0.075
1670339279,2.444,0.09
1670339279,2.444,0.07
1670339279,2.443,0.065
1670339279,2.436,0.042
1670339279,2.445,0.09
1670339279,2.446,0.085
1670339279,2.446,0.085
1670339279,2.446,0.063
1670339279,2.444,0.087
1670339279,2.445,0.084
1670339279,2.44,0.061
1670339279,2.443,0.092
1670339279,2.444,0.098
1670339279,1.623,0.091
1670339279,1.011,0.059
1670339279,1.009,0.091
1670339279,1.008,0.095
1670339280,1.007,0.067
1670339280,1.01,0.072
1670339280,1.007,1.857
1670339280,1.01,8.184
1670339280,1.005,8.181
1670339280,1.008,8.177
1670339280,1.015,8.185
1670339280,1.008,8.181
1670339280,1.009,8.178
1670339280,1.008,8.183
1670339280,1.009,8.179
1670339280,1.008,8.187
1670339280,1.011,8.025
1670339280,1.012,0.104
1670339280,1.008,0.074
1670339280,1.009,0.082
1670339280,1.008,0.049
1670339280,1.012,0.085
1670339280,1.009,0.081
1670339280,1.011,0.09
1670339281,1.007,0.111
1670339281,1.009,0.06
1670339281,1.011,0.096
1670339281,1.011,0.084
1670339281,1.008,0.091
1670339281,1.009,0.108
1670339281,1.01,0.097
1670339281,1.01,0.079
1670339281,1.006,0.081
1670339281,1.01,0.076
1670339281,1.008,0.064
