,Channel A Last (V),Channel B Last (V)
1675948965,,
1675948965,1.028,0.116
1675948965,1.029,0.099
1675948966,1.028,0.107
1675948966,1.027,0.1
1675948966,1.028,0.114
1675948966,1.028,0.109
1675948966,1.029,0.112
1675948966,1.028,0.112
1675948966,1.032,0.11
1675948966,1.029,0.105
1675948966,1.027,0.11
1675948966,1.027,0.107
1675948966,1.028,0.105
1675948966,1.031,0.11
1675948966,1.031,0.106
1675948966,1.027,0.108
1675948966,1.028,0.116
1675948966,1.028,0.112
1675948966,1.029,0.11
1675948966,1.027,0.097
1675948966,1.027,0.105
1675948966,1.028,0.111
1675948967,1.03,0.106
1675948967,1.029,0.106
1675948967,1.029,0.106
1675948967,1.031,0.113
1675948967,1.025,0.106
1675948967,1.029,0.109
1675948967,1.03,0.115
1675948967,1.027,0.11
1675948967,1.03,0.113
1675948967,1.027,0.108
1675948967,1.032,0.101
1675948967,1.031,0.107
1675948967,1.032,0.108
1675948967,1.027,0.116
1675948967,1.031,0.102
1675948967,1.029,0.112
1675948967,1.034,0.113
1675948967,1.029,0.108
1675948967,1.032,0.112
1675948967,1.03,0.12
1675948968,1.031,0.113
1675948968,1.03,0.109
1675948968,1.031,0.119
1675948968,1.03,0.108
1675948968,1.03,0.103
1675948968,1.027,0.112
1675948968,1.031,0.118
1675948968,1.03,0.103
1675948968,1.03,0.111
1675948968,1.028,0.114
1675948968,1.031,0.105
1675948968,1.029,0.101
1675948968,1.03,0.116
1675948968,1.03,0.117
1675948968,1.028,0.113
1675948968,1.027,0.103
1675948968,1.03,0.111
1675948968,1.03,0.115
1675948968,1.028,0.116
1675948968,1.027,0.104
1675948969,1.028,0.099
1675948969,1.031,0.113
1675948969,1.029,0.109
1675948969,1.033,0.114
1675948969,1.027,0.111
1675948969,1.029,0.109
1675948969,1.027,0.104
1675948969,1.031,0.105
1675948969,1.029,0.106
1675948969,1.026,0.112
1675948969,1.031,0.105
1675948969,1.03,0.112
1675948969,1.032,0.107
1675948969,1.029,0.109
1675948969,1.028,0.101
1675948969,1.026,0.101
1675948969,1.032,0.12
1675948969,1.031,0.104
1675948969,1.03,0.109
1675948969,1.033,0.11
1675948970,1.027,0.111
1675948970,1.034,0.11
1675948970,1.031,0.111
1675948970,1.03,0.105
1675948970,1.03,0.106
1675948970,1.03,0.108
1675948970,1.031,0.11
1675948970,1.03,0.109
1675948970,1.03,0.111
1675948970,1.028,0.112
1675948970,1.032,0.109
1675948970,1.031,0.111
1675948970,1.029,0.11
1675948970,1.03,0.106
1675948970,1.032,0.106
1675948970,1.034,0.106
1675948970,1.031,0.109
1675948970,1.031,0.115
1675948970,1.03,0.113
1675948970,1.033,0.106
1675948971,1.03,0.118
1675948971,1.031,0.106
1675948971,1.028,0.111
1675948971,1.028,0.116
1675948971,1.029,0.113
1675948971,1.03,0.112
1675948971,1.03,0.116
1675948971,1.029,0.108
1675948971,1.029,0.11
1675948971,1.029,0.118
1675948971,1.033,0.105
1675948971,1.031,0.107
1675948971,1.027,0.114
1675948971,1.034,0.117
1675948971,1.027,0.106
1675948971,1.032,0.117
1675948971,1.036,0.145
1675948971,1.029,0.117
1675948971,1.025,0.11
1675948971,1.029,0.109
1675948972,1.029,0.112
1675948972,1.032,0.108
1675948972,1.033,0.112
1675948972,1.03,0.116
1675948972,1.03,0.112
1675948972,1.032,0.109
1675948972,1.029,0.111
1675948972,1.026,0.106
1675948972,1.032,0.108
1675948972,1.028,0.103
1675948972,1.028,0.106
1675948972,1.028,0.104
1675948972,1.03,0.104
1675948972,1.03,0.104
1675948972,1.031,0.105
1675948972,1.028,0.109
1675948972,1.031,0.103
1675948972,1.033,0.105
1675948972,1.031,0.11
1675948972,1.029,0.107
1675948973,1.028,0.107
1675948973,1.028,0.106
1675948973,1.03,0.11
1675948973,1.026,0.111
1675948973,1.03,0.111
1675948973,1.027,0.117
1675948973,1.028,0.105
1675948973,1.029,0.101
1675948973,1.03,0.117
1675948973,1.031,0.113
1675948973,1.027,0.11
1675948973,1.027,0.113
1675948973,1.025,0.117
1675948973,1.028,0.108
1675948973,1.029,0.109
1675948973,1.025,0.111
1675948973,1.029,0.105
1675948973,1.032,0.093
1675948973,1.027,0.119
1675948973,1.027,0.111
1675948974,1.03,0.113
1675948974,1.028,0.112
1675948974,1.033,0.109
1675948974,1.029,0.108
1675948974,1.027,0.104
1675948974,1.026,0.105
1675948974,1.03,0.115
1675948974,1.026,0.106
1675948974,1.026,0.104
1675948974,1.029,0.11
1675948974,1.03,0.116
1675948974,1.029,0.107
1675948974,1.031,0.117
1675948974,1.032,0.103
1675948974,1.029,0.102
1675948974,1.032,0.112
1675948974,1.029,0.115
1675948974,1.031,0.112
1675948974,1.029,0.11
1675948974,1.032,0.115
1675948975,1.027,0.113
1675948975,1.028,0.112
1675948975,1.026,0.117
1675948975,1.032,0.109
1675948975,1.026,0.113
1675948975,1.029,0.102
1675948975,1.033,0.108
1675948975,1.031,0.113
1675948975,1.03,0.113
1675948975,1.033,0.113
1675948975,1.031,0.106
1675948975,1.029,0.103
1675948975,1.032,0.105
1675948975,1.026,0.107
1675948975,1.03,0.11
1675948975,1.029,0.11
1675948975,1.03,0.108
1675948975,1.033,0.116
1675948975,1.028,0.113
1675948975,1.031,0.11
1675948976,1.03,0.105
1675948976,1.028,0.104
1675948976,1.027,0.114
1675948976,1.027,0.113
1675948976,1.029,0.112
1675948976,1.034,0.107
1675948976,1.031,0.107
1675948976,1.029,0.112
1675948976,1.029,0.108
1675948976,1.029,0.112
1675948976,1.03,0.112
1675948976,1.028,0.11
1675948976,1.03,0.112
1675948976,1.028,0.121
1675948976,1.028,0.124
1675948976,1.029,0.109
1675948976,1.027,0.111
1675948976,1.028,0.111
1675948976,1.032,0.109
1675948976,1.031,0.11
1675948977,1.031,0.106
1675948977,1.03,0.116
1675948977,1.028,0.117
1675948977,1.027,0.111
1675948977,1.028,0.114
1675948977,1.029,0.101
1675948977,1.025,0.106
1675948977,1.036,0.103
1675948977,1.031,0.107
1675948977,1.03,0.104
1675948977,1.028,0.107
1675948977,1.029,0.107
1675948977,1.029,0.111
1675948977,1.031,0.108
1675948977,1.031,0.112
1675948977,1.024,0.085
1675948977,1.034,0.126
1675948977,1.03,0.132
1675948977,1.029,0.123
1675948977,1.027,0.113
1675948978,1.032,0.104
1675948978,1.03,0.126
1675948978,1.029,0.114
1675948978,1.03,0.113
1675948978,1.028,0.103
1675948978,1.031,0.111
1675948978,1.033,0.12
1675948978,1.027,0.093
1675948978,1.027,0.099
1675948978,1.029,0.09
1675948978,1.032,0.107
1675948978,1.029,0.1
1675948978,1.033,0.109
1675948978,1.025,0.107
1675948978,1.029,0.103
1675948978,1.029,0.122
1675948978,1.033,0.102
1675948978,1.028,0.103
1675948978,1.03,0.119
1675948978,1.03,0.107
1675948979,1.032,0.102
1675948979,1.029,0.115
1675948979,1.026,0.11
1675948979,1.025,0.09
1675948979,1.029,0.081
1675948979,1.029,0.108
1675948979,1.03,0.103
1675948979,1.027,0.11
1675948979,1.028,0.086
1675948979,1.027,0.09
1675948979,1.024,0.104
1675948979,1.025,0.108
1675948979,1.033,0.148
1675948979,1.031,0.129
1675948979,1.03,0.113
1675948979,1.03,0.13
1675948979,1.027,0.107
1675948979,1.026,0.093
1675948979,1.029,0.115
1675948979,1.028,0.121
1675948980,1.027,0.098
1675948980,1.031,0.101
1675948980,1.03,0.092
1675948980,1.031,0.115
1675948980,1.027,0.102
1675948980,1.033,0.118
1675948980,1.029,0.1
1675948980,1.029,0.105
1675948980,1.03,0.107
1675948980,1.028,0.119
1675948980,1.028,0.11
1675948980,1.024,0.105
1675948980,1.028,0.111
1675948980,1.027,0.114
1675948980,1.028,0.114
1675948980,1.025,0.094
1675948980,1.029,0.113
1675948980,1.03,0.104
1675948980,1.029,0.103
1675948980,1.028,0.111
1675948981,1.029,0.097
1675948981,1.029,0.099
1675948981,1.031,0.111
1675948981,1.03,0.113
1675948981,1.03,0.092
1675948981,1.027,0.109
1675948981,1.027,0.103
1675948981,1.026,0.109
1675948981,1.027,0.115
1675948981,1.03,0.113
1675948981,1.027,0.101
1675948981,1.029,0.107
1675948981,1.027,0.112
1675948981,1.03,0.106
1675948981,1.031,0.108
1675948981,1.028,0.111
1675948981,1.029,0.107
1675948981,1.028,0.11
1675948981,1.029,0.106
1675948981,1.03,0.098
1675948982,1.029,0.105
1675948982,1.029,0.104
1675948982,1.026,0.103
1675948982,1.029,0.119
1675948982,1.029,0.109
1675948982,1.03,0.109
1675948982,1.027,0.105
1675948982,1.029,0.102
1675948982,1.028,0.108
1675948982,1.029,0.106
1675948982,1.027,0.103
1675948982,1.028,0.108
1675948982,1.027,0.109
1675948982,1.027,0.114
1675948982,1.03,0.108
1675948982,1.026,0.11
1675948982,1.025,0.115
1675948982,1.027,0.113
1675948982,1.022,0.114
1675948982,1.029,0.114
1675948983,1.029,0.108
1675948983,1.026,0.104
1675948983,1.027,0.115
1675948983,1.028,0.113
1675948983,1.025,0.117
1675948983,1.03,0.109
1675948983,1.03,0.104
1675948983,1.027,0.109
1675948983,1.027,0.111
1675948983,1.029,0.108
1675948983,1.029,0.111
1675948983,1.031,0.108
1675948983,1.028,0.113
1675948983,1.029,0.106
1675948983,1.032,0.111
1675948983,1.027,0.107
1675948983,1.026,0.112
1675948983,1.026,0.111
1675948983,1.028,0.093
1675948983,1.029,0.106
1675948984,1.027,0.107
1675948984,1.029,0.104
1675948984,1.027,0.116
1675948984,1.026,0.105
1675948984,1.032,0.109
1675948984,1.028,0.111
1675948984,1.026,0.113
1675948984,1.03,0.111
1675948984,1.03,0.111
1675948984,1.028,0.11
1675948984,1.029,0.116
1675948984,1.029,0.103
1675948984,1.028,0.106
1675948984,1.028,0.116
1675948984,1.029,0.112
1675948984,1.028,0.102
1675948984,1.027,0.099
1675948984,1.028,0.114
1675948984,1.025,0.111
1675948984,1.026,0.111
1675948985,1.026,0.108
1675948985,1.028,0.112
1675948985,1.028,0.105
1675948985,1.027,0.106
1675948985,1.03,0.107
1675948985,1.03,0.115
1675948985,1.025,0.111
1675948985,1.027,0.112
1675948985,1.028,0.11
1675948985,1.03,0.113
1675948985,1.031,0.111
1675948985,1.027,0.11
1675948985,1.028,0.103
1675948985,1.029,0.107
1675948985,1.03,0.11
1675948985,1.025,0.11
1675948985,1.029,0.105
1675948985,1.028,0.115
1675948985,1.028,0.113
1675948985,1.03,0.106
1675948986,1.032,0.108
1675948986,1.027,0.114
1675948986,1.028,0.113
1675948986,1.028,0.118
1675948986,1.03,0.111
1675948986,1.028,0.105
1675948986,1.029,0.103
1675948986,1.029,0.103
1675948986,1.032,0.145
1675948986,1.027,0.089
1675948986,1.031,0.121
1675948986,1.029,0.092
1675948986,1.03,0.113
1675948986,1.03,0.102
1675948986,1.029,0.119
1675948986,1.028,0.105
1675948986,1.029,0.102
1675948986,1.028,0.098
1675948986,1.023,0.108
1675948986,1.029,0.113
1675948987,1.029,0.11
1675948987,1.027,0.111
1675948987,1.03,0.11
1675948987,1.03,0.112
1675948987,1.028,0.103
1675948987,1.03,0.105
1675948987,1.028,0.103
1675948987,1.029,0.109
1675948987,1.029,0.111
1675948987,1.029,0.106
1675948987,1.028,0.105
1675948987,1.03,0.109
1675948987,1.03,0.106
1675948987,1.028,0.106
1675948987,1.029,0.106
1675948987,1.031,0.105
1675948987,1.027,0.114
1675948987,1.029,0.106
1675948987,1.027,0.105
1675948987,1.03,0.108
1675948988,1.028,0.11
1675948988,1.029,0.105
1675948988,1.027,0.108
1675948988,1.027,0.114
1675948988,1.029,0.104
1675948988,1.028,0.11
1675948988,1.029,0.108
1675948988,1.028,0.105
1675948988,1.029,0.114
1675948988,1.029,0.099
1675948988,1.028,0.11
1675948988,1.029,0.109
1675948988,1.029,0.114
1675948988,1.027,0.111
1675948988,1.025,0.112
1675948988,1.03,0.108
1675948988,1.027,0.112
1675948988,1.03,0.108
1675948988,1.026,0.115
1675948988,1.027,0.116
1675948989,1.03,0.113
1675948989,1.03,0.118
1675948989,1.03,0.108
1675948989,1.028,0.114
1675948989,1.028,0.107
1675948989,1.027,0.117
1675948989,1.032,0.111
1675948989,1.027,0.112
1675948989,1.028,0.111
1675948989,1.029,0.103
1675948989,1.028,0.105
1675948989,1.031,0.113
1675948989,1.027,0.103
1675948989,1.028,0.102
1675948989,1.03,0.101
1675948989,1.028,0.106
1675948989,1.029,0.105
1675948989,1.029,0.1
1675948989,1.029,0.104
1675948989,1.025,0.109
1675948990,1.031,0.111
1675948990,1.027,0.109
1675948990,1.03,0.107
1675948990,1.03,0.111
1675948990,1.029,0.11
1675948990,1.028,0.111
1675948990,1.027,0.107
1675948990,1.029,0.117
1675948990,1.029,0.106
1675948990,1.027,0.104
1675948990,1.027,0.104
1675948990,1.029,0.11
1675948990,1.03,0.108
1675948990,1.027,0.108
1675948990,1.029,0.104
1675948990,1.03,0.11
1675948990,1.031,0.099
1675948990,1.026,0.109
1675948990,1.027,0.107
1675948990,1.032,0.108
1675948991,1.03,0.106
1675948991,1.026,0.099
1675948991,1.03,0.104
1675948991,1.029,0.112
1675948991,1.03,0.111
1675948991,1.034,0.109
1675948991,1.032,0.108
1675948991,1.028,0.111
1675948991,1.03,0.118
1675948991,1.03,0.103
1675948991,1.026,0.101
1675948991,1.029,0.103
1675948991,1.031,0.104
1675948991,1.03,0.112
1675948991,1.029,0.107
1675948991,1.03,0.11
1675948991,1.029,0.111
1675948991,1.027,0.117
1675948991,1.028,0.089
1675948991,1.027,0.109
1675948992,1.03,0.103
1675948992,1.028,0.1
1675948992,1.028,0.106
1675948992,1.027,0.129
1675948992,1.022,0.095
1675948992,1.029,0.112
1675948992,1.03,0.107
1675948992,1.029,0.113
1675948992,1.029,0.091
1675948992,1.029,0.119
1675948992,1.028,0.097
1675948992,1.027,0.1
1675948992,1.028,0.094
1675948992,1.027,0.116
1675948992,1.025,0.111
1675948992,1.028,0.121
1675948992,1.027,0.097
1675948992,1.028,0.106
1675948992,1.025,0.108
1675948992,1.028,0.113
1675948993,1.03,0.087
1675948993,1.027,0.113
1675948993,1.031,0.103
1675948993,1.027,0.098
1675948993,1.027,0.112
1675948993,1.03,0.126
1675948993,1.027,0.123
1675948993,1.027,0.114
1675948993,1.025,0.107
1675948993,1.03,0.142
1675948993,1.03,0.1
1675948993,1.031,0.107
1675948993,1.029,0.086
1675948993,1.031,0.131
1675948993,1.027,0.096
1675948993,1.03,0.102
1675948993,1.025,0.088
1675948993,1.029,0.109
1675948993,1.028,0.085
1675948993,1.027,0.094
1675948994,1.029,0.095
1675948994,1.029,0.084
1675948994,1.03,0.087
1675948994,1.028,0.107
1675948994,1.029,0.111
1675948994,1.029,0.097
1675948994,1.025,0.095
1675948994,1.029,0.124
1675948994,1.029,0.122
1675948994,1.031,0.105
1675948994,1.03,0.086
1675948994,1.026,0.096
1675948994,1.03,0.103
1675948994,1.029,0.117
1675948994,1.029,0.131
1675948994,1.028,0.108
1675948994,1.025,0.113
1675948994,1.028,0.134
1675948994,1.031,0.097
1675948994,1.03,0.097
1675948995,1.03,0.113
1675948995,1.034,0.129
1675948995,1.028,0.122
1675948995,1.03,0.097
1675948995,1.026,0.112
1675948995,1.029,0.135
1675948995,1.604,0.112
1675948995,2.462,0.109
1675948995,2.466,0.115
1675948995,2.465,0.11
1675948995,2.464,0.093
1675948995,2.466,0.134
1675948995,2.463,0.1
1675948995,2.464,0.085
1675948995,2.467,0.126
1675948995,2.464,0.114
1675948995,2.462,0.113
1675948995,2.466,0.101
1675948995,2.462,0.083
1675948995,2.461,0.09
1675948996,2.235,0.099
1675948996,1.026,0.101
1675948996,1.027,0.113
1675948996,1.027,0.087
1675948996,1.028,0.092
1675948996,1.032,0.123
1675948996,1.031,1.964
1675948996,1.029,8.186
1675948996,1.028,8.169
1675948996,1.027,8.191
1675948996,1.028,8.205
1675948996,1.028,8.194
1675948996,1.029,8.206
1675948996,1.027,8.209
1675948996,1.03,8.202
1675948996,1.027,8.205
1675948996,1.027,8.212
1675948996,1.028,8.205
1675948996,1.029,8.201
1675948996,1.028,4.811
1675948997,1.029,0.083
1675948997,1.025,0.043
1675948997,1.028,0.101
1675948997,1.029,0.121
1675948997,1.025,0.107
1675948997,1.028,0.099
1675948997,1.031,0.115
1675948997,2.464,0.115
1675948997,2.461,0.107
1675948997,2.467,0.111
1675948997,2.464,0.108
1675948997,2.466,0.113
1675948997,2.465,0.094
1675948997,2.465,0.115
1675948997,2.462,0.105
1675948997,2.463,0.101
1675948997,2.464,0.129
1675948997,2.46,0.104
1675948997,2.462,0.096
1675948997,1.606,0.12
1675948998,1.032,0.113
1675948998,1.031,0.099
1675948998,1.028,0.107
1675948998,1.029,0.112
1675948998,1.027,0.093
1675948998,1.029,0.113
1675948998,1.033,0.107
1675948998,1.027,3.152
1675948998,1.03,8.184
1675948998,1.028,8.181
1675948998,1.026,8.188
1675948998,1.027,8.173
1675948998,1.026,8.187
1675948998,1.031,8.206
1675948998,1.026,8.202
1675948998,1.024,8.196
1675948998,1.027,8.179
1675948998,1.026,4.948
1675948998,1.027,0.108
1675948998,1.029,0.109
1675948999,1.026,0.113
1675948999,1.029,0.115
1675948999,1.03,0.109
1675948999,1.03,0.109
1675948999,2.463,0.101
1675948999,2.468,0.101
1675948999,2.466,0.113
1675948999,2.464,0.117
1675948999,2.462,0.106
1675948999,2.465,0.102
1675948999,2.465,0.112
1675948999,2.463,0.107
1675948999,2.463,0.099
1675948999,2.464,0.107
1675948999,2.467,0.105
1675948999,2.467,0.104
1675948999,2.462,0.112
1675948999,2.462,0.112
1675948999,2.233,0.108
1675948999,1.031,0.111
1675949000,1.029,0.107
1675949000,1.029,0.104
1675949000,1.029,0.115
1675949000,1.031,0.106
1675949000,1.026,4.787
1675949000,1.027,8.206
1675949000,1.029,8.203
1675949000,1.032,8.2
1675949000,1.031,8.211
1675949000,1.029,8.208
1675949000,1.028,8.211
1675949000,1.028,8.204
1675949000,1.029,8.205
1675949000,1.029,8.208
1675949000,1.027,8.2
1675949000,1.026,8.207
1675949000,1.028,8.198
1675949000,1.029,3.34
1675949000,1.032,0.108
1675949000,1.026,0.107
1675949001,1.027,0.106
1675949001,1.031,0.116
1675949001,1.027,0.103
1675949001,1.028,0.111
1675949001,1.028,0.107
1675949001,1.027,0.105
1675949001,1.028,0.114
1675949001,1.028,0.118
1675949001,1.028,0.109
1675949001,1.03,0.121
1675949001,1.03,0.107
1675949001,1.032,0.113
1675949001,1.033,0.109
1675949001,1.032,0.111
1675949001,1.029,0.11
1675949001,1.033,0.121
1675949001,1.032,0.113
1675949001,1.032,0.117
1675949001,1.032,0.105
1675949001,1.031,0.111
1675949002,1.03,0.102
1675949002,1.031,0.114
1675949002,1.03,0.11
1675949002,1.03,0.112
1675949002,1.027,0.11
1675949002,1.028,0.118
1675949002,1.029,0.106
1675949002,1.026,0.111
1675949002,1.031,0.112
1675949002,1.028,0.115
1675949002,1.029,0.106
1675949002,1.031,0.113
1675949002,1.03,0.111
1675949002,1.029,0.115
1675949002,1.031,0.111
1675949002,1.03,0.104
1675949002,1.03,0.112
1675949002,1.029,0.107
1675949002,1.027,0.11
1675949002,1.029,0.112
1675949003,1.028,0.111
1675949003,1.03,0.108
1675949003,1.03,0.111
1675949003,1.027,0.105
1675949003,1.028,0.106
1675949003,1.031,0.115
1675949003,1.034,0.105
1675949003,1.029,0.11
1675949003,1.029,0.103
1675949003,1.031,0.119
1675949003,1.028,0.102
1675949003,1.027,0.111
1675949003,1.031,0.106
1675949003,1.03,0.109
1675949003,1.025,0.113
1675949003,1.03,0.112
1675949003,1.025,0.089
1675949003,1.028,0.119
1675949003,1.031,0.101
1675949003,1.029,0.116
1675949004,1.028,0.104
1675949004,1.03,0.109
1675949004,1.03,0.106
1675949004,1.032,0.101
1675949004,1.027,0.115
1675949004,1.031,0.104
1675949004,1.03,0.103
1675949004,1.03,0.117
1675949004,1.029,0.102
1675949004,1.03,0.113
1675949004,1.029,0.111
1675949004,1.032,0.1
1675949004,1.031,0.109
1675949004,1.028,0.111
1675949004,1.03,0.105
1675949004,1.029,0.106
1675949004,1.03,0.107
1675949004,1.029,0.104
1675949004,1.03,0.109
1675949004,1.027,0.109
1675949005,1.03,0.106
1675949005,1.029,0.105
1675949005,1.03,0.107
1675949005,1.026,0.1
1675949005,1.029,0.106
1675949005,1.029,0.11
1675949005,1.028,0.099
1675949005,1.031,0.111
1675949005,1.031,0.109
1675949005,1.027,0.122
1675949005,1.027,0.108
1675949005,1.029,0.112
1675949005,1.027,0.113
1675949005,1.029,0.104
1675949005,1.03,0.112
1675949005,1.027,0.106
1675949005,1.027,0.105
1675949005,1.025,0.104
1675949005,1.029,0.113
1675949005,1.027,0.111
1675949006,1.026,0.106
1675949006,1.028,0.101
1675949006,1.03,0.108
1675949006,1.024,0.104
1675949006,1.029,0.104
1675949006,1.028,0.11
1675949006,1.03,0.104
1675949006,1.028,0.11
1675949006,1.026,0.105
1675949006,1.028,0.109
1675949006,1.025,0.114
1675949006,1.028,0.111
1675949006,1.027,0.107
1675949006,1.031,0.101
1675949006,1.028,0.107
1675949006,1.031,0.115
1675949006,1.029,0.106
1675949006,1.029,0.109
1675949006,1.028,0.106
1675949006,1.028,0.11
1675949007,1.029,0.108
1675949007,1.031,0.109
1675949007,1.03,0.108
1675949007,1.028,0.118
1675949007,1.028,0.11
1675949007,1.03,0.1
1675949007,1.029,0.104
1675949007,1.031,0.103
1675949007,1.026,0.105
1675949007,1.031,0.118
1675949007,1.032,0.103
1675949007,1.029,0.116
1675949007,1.027,0.102
1675949007,1.031,0.11
1675949007,1.029,0.108
1675949007,1.031,0.115
1675949007,1.034,0.1
1675949007,1.025,0.113
1675949007,1.027,0.109
1675949007,1.026,0.106
1675949008,1.031,0.102
1675949008,1.027,0.101
1675949008,1.028,0.104
1675949008,1.027,0.111
1675949008,1.032,0.099
1675949008,1.032,0.107
1675949008,1.027,0.101
1675949008,1.029,0.104
1675949008,1.03,0.107
1675949008,1.03,0.1
1675949008,1.03,0.111
1675949008,1.029,0.11
1675949008,1.03,0.108
1675949008,1.027,0.105
1675949008,1.027,0.103
1675949008,1.027,0.112
1675949008,1.028,0.105
1675949008,1.027,0.104
1675949008,1.025,0.106
1675949008,1.03,0.116
1675949009,1.027,0.11
1675949009,1.028,0.11
1675949009,1.029,0.108
1675949009,1.028,0.102
1675949009,1.025,0.109
1675949009,1.03,0.118
1675949009,1.027,0.098
1675949009,1.028,0.098
1675949009,1.036,0.111
1675949009,1.03,0.122
1675949009,1.03,0.102
1675949009,1.029,0.118
1675949009,1.03,0.119
1675949009,1.028,0.108
1675949009,1.026,0.111
1675949009,1.027,0.117
1675949009,1.03,0.105
1675949009,1.031,0.124
1675949009,1.032,0.114
1675949009,1.032,0.11
1675949010,1.029,0.104
1675949010,1.028,0.111
1675949010,1.029,0.104
1675949010,1.029,0.111
1675949010,1.026,0.097
1675949010,1.027,0.12
1675949010,1.023,0.098
1675949010,1.025,0.1
1675949010,1.029,0.099
1675949010,1.029,0.117
1675949010,1.027,0.106
1675949010,1.031,0.118
1675949010,1.027,0.12
1675949010,1.032,0.152
1675949010,1.022,0.081
1675949010,1.03,0.12
1675949010,1.028,0.112
1675949010,1.029,0.094
1675949010,1.031,0.102
1675949010,1.029,0.108
1675949011,1.026,0.085
1675949011,1.032,0.122
1675949011,1.028,0.104
1675949011,1.026,0.113
1675949011,1.028,0.107
1675949011,1.03,0.127
1675949011,1.033,0.107
1675949011,1.027,0.092
1675949011,1.027,0.111
1675949011,1.031,0.107
1675949011,1.031,0.126
1675949011,1.027,0.099
1675949011,1.029,0.106
1675949011,1.027,0.1
1675949011,1.027,0.108
1675949011,1.027,0.115
1675949011,1.025,0.103
1675949011,1.032,0.122
1675949011,1.032,0.094
1675949011,1.025,0.093
1675949012,1.026,0.086
1675949012,1.028,0.104
1675949012,1.029,0.105
1675949012,1.03,0.094
1675949012,1.028,0.099
1675949012,1.027,0.087
1675949012,1.029,0.094
1675949012,1.026,0.09
1675949012,1.028,0.103
1675949012,1.025,0.098
1675949012,1.029,0.082
1675949012,1.029,0.108
1675949012,1.025,0.115
1675949012,1.028,0.096
1675949012,1.029,0.12
1675949012,1.029,0.122
1675949012,1.028,0.114
1675949012,1.029,0.134
1675949012,1.031,0.125
1675949012,1.031,0.12
1675949013,1.031,0.112
1675949013,1.032,0.099
1675949013,1.032,0.1
1675949013,1.029,0.114
1675949013,1.028,0.104
1675949013,1.025,0.096
1675949013,1.027,0.099
1675949013,1.028,0.12
1675949013,1.028,0.096
1675949013,1.028,0.109
1675949013,1.031,0.103
1675949013,1.026,0.102
1675949013,1.03,0.129
1675949013,1.029,0.12
1675949013,1.03,0.099
1675949013,1.033,0.116
1675949013,1.025,0.091
1675949013,1.03,0.137
1675949013,1.026,0.1
1675949013,1.03,0.099
1675949014,1.026,0.098
1675949014,1.034,0.148
1675949014,1.027,0.09
1675949014,1.03,0.135
1675949014,1.03,0.138
1675949014,1.028,0.11
1675949014,1.027,0.103
1675949014,1.027,0.105
1675949014,1.031,0.1
1675949014,1.031,0.104
1675949014,1.029,0.119
1675949014,1.033,0.116
1675949014,1.032,0.113
1675949014,1.034,0.14
1675949014,1.029,0.12
1675949014,1.033,0.118
1675949014,1.032,0.105
1675949014,1.027,0.114
1675949014,1.03,0.108
1675949014,1.028,0.134
1675949015,1.029,0.111
1675949015,1.03,0.11
1675949015,1.031,0.108
1675949015,1.028,0.109
1675949015,1.029,0.11
1675949015,1.031,0.108
1675949015,1.03,0.106
1675949015,1.029,0.103
1675949015,1.028,0.106
1675949015,1.028,0.117
1675949015,1.028,0.101
1675949015,1.025,0.104
1675949015,1.03,0.103
1675949015,1.031,0.116
1675949015,1.031,0.108
1675949015,1.028,0.106
1675949015,1.028,0.119
1675949015,1.028,0.105
1675949015,1.034,0.102
1675949015,1.027,0.109
1675949016,1.03,0.111
1675949016,1.029,0.108
1675949016,1.03,0.113
1675949016,1.03,0.098
1675949016,1.029,0.108
1675949016,1.027,0.105
1675949016,1.03,0.112
1675949016,1.03,0.104
1675949016,1.031,0.105
1675949016,1.03,0.108
1675949016,1.032,0.108
1675949016,1.028,0.096
1675949016,1.029,0.114
1675949016,1.031,0.105
1675949016,1.024,0.107
1675949016,1.028,0.1
1675949016,1.031,0.103
1675949016,1.027,0.114
1675949016,1.03,0.1
1675949016,1.029,0.11
1675949017,1.029,0.102
1675949017,1.028,0.102
1675949017,1.027,0.104
1675949017,1.03,0.115
1675949017,1.03,0.107
1675949017,1.027,0.103
1675949017,1.028,0.1
1675949017,1.029,0.107
1675949017,1.028,0.103
1675949017,1.028,0.11
1675949017,1.03,0.11
1675949017,1.028,0.101
1675949017,1.027,0.113
1675949017,1.03,0.099
1675949017,1.027,0.101
1675949017,1.031,0.106
1675949017,1.032,0.111
1675949017,1.03,0.111
1675949017,1.03,0.113
1675949017,1.024,0.1
1675949018,1.027,0.11
1675949018,1.029,0.108
1675949018,1.03,0.108
1675949018,1.03,0.115
1675949018,1.028,0.105
1675949018,1.028,0.106
1675949018,1.029,0.103
1675949018,1.027,0.106
1675949018,1.027,0.11
1675949018,1.031,0.106
1675949018,1.027,0.11
1675949018,1.028,0.106
1675949018,1.029,0.103
1675949018,1.029,0.103
1675949018,1.031,0.111
1675949018,1.027,0.107
1675949018,1.029,0.116
1675949018,1.027,0.106
1675949018,1.026,0.116
1675949018,1.026,0.107
1675949019,1.028,0.102
1675949019,1.027,0.104
1675949019,1.028,0.101
1675949019,1.03,0.105
1675949019,1.027,0.103
1675949019,1.029,0.113
1675949019,1.028,0.107
1675949019,1.027,0.107
1675949019,1.028,0.103
1675949019,1.03,0.104
1675949019,1.028,0.101
1675949019,1.026,0.105
1675949019,1.025,0.115
1675949019,1.028,0.084
1675949019,1.026,0.107
1675949019,1.028,0.102
1675949019,1.03,0.109
1675949019,1.028,0.116
1675949019,1.027,0.104
1675949019,1.028,0.103
1675949020,1.031,0.108
1675949020,1.03,0.112
1675949020,1.027,0.11
1675949020,1.027,0.103
1675949020,1.029,0.112
1675949020,1.029,0.112
1675949020,1.029,0.108
1675949020,1.026,0.101
1675949020,1.028,0.115
1675949020,1.029,0.109
1675949020,1.028,0.111
1675949020,1.027,0.099
1675949020,1.029,0.124
1675949020,1.028,0.115
1675949020,1.025,0.072
1675949020,1.025,0.096
1675949020,1.026,0.108
1675949020,1.027,0.126
1675949020,1.026,0.104
1675949020,1.03,0.11
1675949021,1.025,0.097
1675949021,1.027,0.109
1675949021,1.029,0.102
1675949021,1.03,0.116
1675949021,1.028,0.104
1675949021,1.029,0.11
1675949021,1.026,0.11
1675949021,1.028,0.108
1675949021,1.027,0.11
1675949021,1.029,0.116
1675949021,1.028,0.108
1675949021,1.028,0.113
1675949021,1.03,0.106
1675949021,1.03,0.107
1675949021,1.028,0.123
1675949021,1.029,0.098
1675949021,1.024,0.107
1675949021,1.026,0.107
1675949021,1.029,0.104
1675949021,1.025,0.108
1675949022,1.028,0.105
1675949022,1.025,0.11
1675949022,1.028,0.106
1675949022,1.027,0.109
1675949022,1.029,0.112
1675949022,1.027,0.112
1675949022,1.028,0.113
1675949022,1.026,0.106
1675949022,1.028,0.106
1675949022,1.029,0.11
1675949022,1.026,0.098
1675949022,1.028,0.103
1675949022,1.03,0.106
1675949022,1.028,0.109
1675949022,1.028,0.109
1675949022,1.026,0.114
1675949022,1.028,0.111
1675949022,1.029,0.106
1675949022,1.032,0.104
1675949022,1.027,0.107
1675949023,1.028,0.111
1675949023,1.023,0.104
1675949023,1.026,0.112
1675949023,1.027,0.107
1675949023,1.028,0.102
1675949023,1.027,0.112
1675949023,1.028,0.109
1675949023,1.03,0.108
1675949023,1.03,0.115
1675949023,1.029,0.109
1675949023,1.027,0.114
1675949023,1.03,0.1
1675949023,1.028,0.108
1675949023,1.029,0.104
1675949023,1.026,0.1
1675949023,1.027,0.112
1675949023,1.025,0.107
1675949023,1.025,0.116
1675949023,1.025,0.104
1675949023,1.024,0.113
1675949024,1.026,0.111
1675949024,1.026,0.112
1675949024,1.029,0.108
1675949024,1.027,0.113
1675949024,1.029,0.103
1675949024,1.027,0.107
1675949024,1.028,0.105
1675949024,1.025,0.102
1675949024,1.027,0.108
1675949024,1.025,0.105
1675949024,1.025,0.112
1675949024,1.026,0.115
1675949024,1.026,0.111
1675949024,1.025,0.106
1675949024,1.025,0.111
1675949024,1.029,0.115
1675949024,1.026,0.103
1675949024,1.025,0.106
1675949024,1.027,0.101
1675949024,1.03,0.109
1675949025,1.028,0.116
1675949025,1.03,0.102
1675949025,1.029,0.103
1675949025,1.026,0.103
1675949025,1.027,0.106
1675949025,1.03,0.112
1675949025,1.028,0.112
1675949025,1.026,0.106
1675949025,1.027,0.11
1675949025,1.026,0.111
1675949025,1.028,0.113
1675949025,1.024,0.105
1675949025,1.026,0.108
1675949025,1.027,0.104
1675949025,1.028,0.11
1675949025,1.027,0.104
1675949025,1.028,0.097
1675949025,1.028,0.099
1675949025,1.028,0.093
1675949025,1.029,0.1
1675949026,1.027,0.105
1675949026,1.029,0.098
1675949026,1.029,0.11
1675949026,1.028,0.111
1675949026,1.029,0.1
1675949026,1.029,0.116
1675949026,1.027,0.095
1675949026,1.027,0.094
1675949026,1.029,0.113
1675949026,1.025,0.096
1675949026,1.027,0.101
1675949026,1.024,0.112
1675949026,1.03,0.116
1675949026,1.026,0.101
1675949026,1.027,0.117
1675949026,1.028,0.106
1675949026,1.026,0.11
1675949026,1.028,0.1
1675949026,1.023,0.112
1675949026,1.025,0.097
1675949027,1.026,0.107
1675949027,1.023,0.102
1675949027,1.024,0.099
1675949027,1.027,0.102
1675949027,1.025,0.097
1675949027,1.028,0.103
1675949027,1.024,0.097
1675949027,1.023,0.087
1675949027,1.027,0.119
1675949027,1.023,0.121
1675949027,1.023,0.101
1675949027,1.022,0.103
1675949027,1.025,0.094
1675949027,1.026,0.114
1675949027,1.026,0.093
1675949027,1.026,0.113
1675949027,1.024,0.112
1675949027,1.029,0.123
1675949027,1.024,0.1
1675949027,1.026,0.113
1675949028,1.028,0.12
1675949028,1.029,0.11
1675949028,1.026,0.086
1675949028,1.026,0.106
1675949028,1.027,0.121
1675949028,1.027,0.122
1675949028,1.029,0.117
1675949028,1.028,0.112
1675949028,1.026,0.118
1675949028,1.027,0.101
1675949028,1.028,0.095
1675949028,1.03,0.115
1675949028,1.028,0.112
1675949028,1.03,0.119
1675949028,1.027,0.106
1675949028,1.025,0.097
1675949028,1.03,0.105
1675949028,1.027,0.109
1675949028,1.026,0.116
1675949028,1.027,0.118
1675949029,1.027,0.103
1675949029,1.028,0.106
1675949029,1.031,0.095
1675949029,1.024,0.105
1675949029,1.024,0.113
1675949029,1.029,0.128
1675949029,1.027,0.111
1675949029,1.025,0.112
1675949029,1.029,0.11
1675949029,1.027,0.097
1675949029,1.027,0.118
1675949029,1.026,0.099
1675949029,1.026,0.111
1675949029,1.026,0.113
1675949029,1.025,0.105
1675949029,1.028,0.117
1675949029,1.028,0.124
1675949029,1.028,0.102
1675949029,1.03,0.11
1675949029,1.027,0.105
1675949030,1.027,0.092
1675949030,1.027,0.116
1675949030,1.025,0.099
1675949030,1.029,0.095
1675949030,1.029,0.102
1675949030,1.028,0.103
1675949030,1.027,0.123
1675949030,1.026,0.086
1675949030,1.022,0.089
1675949030,1.029,0.114
1675949030,1.029,0.122
1675949030,1.027,0.099
1675949030,1.029,0.132
1675949030,1.029,0.125
1675949030,1.03,0.1
1675949030,1.027,0.082
1675949030,1.03,0.108
1675949030,1.03,0.121
1675949030,1.031,0.123
1675949030,1.031,0.093
1675949031,1.028,0.121
1675949031,1.029,0.096
1675949031,1.026,0.107
1675949031,1.027,0.105
1675949031,1.029,0.103
1675949031,1.028,0.107
1675949031,1.027,0.105
1675949031,1.026,0.116
1675949031,1.027,0.087
1675949031,1.026,0.1
1675949031,1.031,0.116
1675949031,1.027,0.112
1675949031,1.028,0.102
1675949031,1.031,0.101
1675949031,1.025,0.11
1675949031,1.027,0.094
1675949031,1.024,0.098
1675949031,1.025,0.112
1675949031,1.028,0.103
1675949031,1.028,0.121
1675949032,1.027,0.109
1675949032,1.029,0.111
1675949032,1.029,0.107
1675949032,1.027,0.119
1675949032,1.026,0.115
1675949032,1.025,0.107
1675949032,1.029,0.1
1675949032,1.025,0.1
1675949032,1.027,0.116
1675949032,1.028,0.11
1675949032,1.027,0.101
1675949032,1.026,0.108
1675949032,1.026,0.107
1675949032,1.029,0.114
1675949032,1.025,0.107
1675949032,1.027,0.111
1675949032,1.028,0.106
1675949032,1.029,0.11
1675949032,1.031,0.109
1675949032,1.026,0.103
1675949033,1.025,0.1
1675949033,1.025,0.102
1675949033,1.027,0.114
1675949033,1.028,0.1
1675949033,1.027,0.109
1675949033,1.025,0.104
1675949033,1.029,0.111
1675949033,1.029,0.113
1675949033,1.025,0.113
1675949033,1.028,0.103
1675949033,1.027,0.108
1675949033,1.027,0.101
1675949033,1.028,0.118
1675949033,1.025,0.11
1675949033,1.027,0.11
1675949033,1.026,0.106
1675949033,1.028,0.111
1675949033,1.026,0.103
1675949033,1.029,0.11
1675949033,1.028,0.115
1675949034,1.027,0.114
1675949034,1.026,0.109
1675949034,1.03,0.104
1675949034,1.028,0.105
1675949034,1.027,0.103
1675949034,1.028,0.109
1675949034,1.027,0.106
1675949034,1.028,0.105
1675949034,1.025,0.109
1675949034,1.029,0.1
1675949034,1.027,0.109
1675949034,1.028,0.109
1675949034,1.029,0.112
1675949034,1.027,0.101
1675949034,1.026,0.107
1675949034,1.027,0.113
1675949034,1.026,0.105
1675949034,1.03,0.107
1675949034,1.028,0.111
1675949034,1.027,0.11
1675949035,1.026,0.113
1675949035,1.03,0.104
1675949035,1.026,0.105
1675949035,1.026,0.112
1675949035,1.028,0.114
1675949035,1.027,0.106
1675949035,1.026,0.107
1675949035,1.026,0.11
1675949035,1.027,0.108
1675949035,1.025,0.104
1675949035,1.029,0.113
1675949035,1.028,0.106
1675949035,1.025,0.101
1675949035,1.023,0.11
1675949035,1.027,0.112
1675949035,1.027,0.114
1675949035,1.019,0.11
1675949035,1.025,0.112
1675949035,1.024,0.11
1675949035,1.027,0.105
1675949036,1.024,0.108
1675949036,1.027,0.104
1675949036,1.024,0.107
1675949036,1.028,0.099
1675949036,1.026,0.114
1675949036,1.03,0.108
1675949036,1.028,0.116
1675949036,1.024,0.106
1675949036,1.027,0.107
1675949036,1.024,0.11
1675949036,1.025,0.107
1675949036,1.026,0.116
1675949036,1.021,0.104
1675949036,1.027,0.107
1675949036,1.025,0.107
1675949036,1.026,0.115
1675949036,1.026,0.105
1675949036,1.026,0.11
1675949036,1.025,0.104
1675949036,1.024,0.107
1675949037,1.026,0.111
1675949037,1.025,0.11
1675949037,1.026,0.104
1675949037,1.028,0.108
1675949037,1.027,0.111
1675949037,1.026,0.104
1675949037,1.029,0.11
1675949037,1.025,0.114
1675949037,1.024,0.11
1675949037,1.026,0.105
1675949037,1.027,0.111
1675949037,1.029,0.107
1675949037,1.027,0.109
1675949037,1.022,0.109
1675949037,1.027,0.11
1675949037,1.026,0.106
1675949037,1.027,0.107
1675949037,1.03,0.142
1675949037,1.026,0.109
1675949037,1.023,0.104
1675949038,1.026,0.115
1675949038,1.029,0.105
1675949038,1.028,0.106
1675949038,1.029,0.106
1675949038,1.029,0.101
1675949038,1.029,0.109
1675949038,1.026,0.103
1675949038,1.026,0.109
1675949038,1.024,0.109
1675949038,1.025,0.117
1675949038,1.024,0.106
1675949038,1.027,0.103
1675949038,1.027,0.109
1675949038,1.026,0.101
1675949038,1.029,0.108
1675949038,1.024,0.105
1675949038,1.027,0.109
1675949038,1.026,0.106
1675949038,1.024,0.099
1675949038,1.027,0.101
1675949039,1.027,0.107
1675949039,1.028,0.105
1675949039,1.027,0.104
1675949039,1.026,0.096
1675949039,1.022,0.104
1675949039,1.025,0.1
1675949039,1.026,0.11
1675949039,1.027,0.109
1675949039,1.026,0.101
1675949039,1.025,0.108
1675949039,1.027,0.115
1675949039,1.03,0.106
1675949039,1.024,0.103
1675949039,1.028,0.103
1675949039,1.026,0.094
1675949039,1.027,0.105
1675949039,1.027,0.106
1675949039,1.026,0.107
1675949039,1.026,0.107
1675949039,1.03,0.102
1675949040,1.027,0.108
1675949040,1.028,0.105
1675949040,1.025,0.103
1675949040,1.028,0.112
1675949040,1.027,0.113
1675949040,1.03,0.104
1675949040,1.026,0.103
1675949040,1.028,0.103
1675949040,1.026,0.106
1675949040,1.028,0.104
1675949040,1.026,0.105
1675949040,1.026,0.112
1675949040,1.024,0.106
1675949040,1.024,0.101
1675949040,1.027,0.106
1675949040,1.026,0.096
1675949040,1.028,0.108
1675949040,1.024,0.104
1675949040,1.029,0.102
1675949040,1.027,0.105
1675949041,1.026,0.1
1675949041,1.021,0.11
1675949041,1.027,0.111
1675949041,1.027,0.108
1675949041,1.027,0.114
1675949041,1.028,0.108
1675949041,1.025,0.103
1675949041,1.028,0.104
1675949041,1.025,0.105
1675949041,1.026,0.106
1675949041,1.025,0.107
1675949041,1.027,0.101
1675949041,1.027,0.105
1675949041,1.028,0.11
1675949041,1.027,0.108
1675949041,1.027,0.104
1675949041,1.024,0.112
1675949041,1.026,0.116
1675949041,1.027,0.102
1675949041,1.029,0.098
1675949042,1.025,0.104
1675949042,1.026,0.107
1675949042,1.027,0.111
1675949042,1.024,0.1
1675949042,1.027,0.106
1675949042,1.026,0.109
1675949042,1.027,0.102
1675949042,1.028,0.11
1675949042,1.021,0.103
1675949042,1.027,0.105
1675949042,1.027,0.107
1675949042,1.028,0.106
1675949042,1.026,0.102
1675949042,1.024,0.102
1675949042,1.026,0.106
1675949042,1.025,0.109
1675949042,1.027,0.112
1675949042,1.025,0.107
1675949042,1.028,0.108
1675949042,1.027,0.1
1675949043,1.031,0.104
1675949043,1.025,0.104
1675949043,1.024,0.105
1675949043,1.025,0.107
1675949043,1.029,0.099
1675949043,1.029,0.128
1675949043,1.025,0.097
1675949043,1.027,0.112
1675949043,1.025,0.107
1675949043,1.027,0.106
1675949043,1.024,0.103
1675949043,1.028,0.108
1675949043,1.026,0.113
1675949043,1.025,0.109
1675949043,1.024,0.105
1675949043,1.028,0.11
1675949043,1.03,0.104
1675949043,1.028,0.115
1675949043,1.026,0.111
1675949043,1.024,0.101
1675949044,1.025,0.113
1675949044,1.025,0.107
1675949044,1.026,0.115
1675949044,1.023,0.096
1675949044,1.028,0.12
1675949044,1.027,0.107
1675949044,1.029,0.127
1675949044,1.027,0.104
1675949044,1.026,0.119
1675949044,1.028,0.096
1675949044,1.026,0.1
1675949044,1.024,0.108
1675949044,1.027,0.11
1675949044,1.032,0.136
1675949044,1.025,0.104
1675949044,1.027,0.131
1675949044,1.026,0.082
1675949044,1.024,0.086
1675949044,1.026,0.104
1675949044,1.024,0.091
1675949045,1.028,0.13
1675949045,1.029,0.115
1675949045,1.027,0.115
1675949045,1.027,0.114
1675949045,1.031,0.123
1675949045,1.025,0.095
1675949045,1.026,0.108
1675949045,1.027,0.113
1675949045,1.025,0.113
1675949045,1.03,0.119
1675949045,1.03,0.118
1675949045,1.027,0.12
1675949045,1.028,0.101
1675949045,1.028,0.109
1675949045,1.025,0.106
1675949045,1.028,0.104
1675949045,1.024,0.13
1675949045,1.028,0.107
1675949045,1.025,0.114
1675949045,1.027,0.102
1675949046,1.024,0.112
1675949046,1.025,0.101
1675949046,1.022,0.096
1675949046,1.032,0.125
1675949046,1.026,0.108
1675949046,1.027,0.111
1675949046,1.028,0.101
1675949046,1.03,0.107
1675949046,1.026,0.121
1675949046,1.022,0.087
1675949046,1.023,0.098
1675949046,1.027,0.111
1675949046,1.029,0.125
1675949046,1.026,0.1
1675949046,1.027,0.085
1675949046,1.026,0.121
1675949046,1.033,0.144
1675949046,1.02,0.083
1675949046,1.028,0.122
1675949046,1.028,0.113
1675949047,1.026,0.104
1675949047,1.026,0.1
1675949047,1.026,0.113
1675949047,1.024,0.119
1675949047,1.027,0.114
1675949047,1.028,0.104
1675949047,1.026,0.08
1675949047,1.029,0.134
1675949047,1.029,0.121
1675949047,1.028,0.128
1675949047,1.027,0.074
1675949047,1.027,0.109
1675949047,1.028,0.121
1675949047,1.028,0.114
1675949047,1.025,0.076
1675949047,1.028,0.107
1675949047,1.031,0.113
1675949047,1.027,0.11
1675949047,1.029,0.103
1675949047,1.024,0.105
1675949048,1.025,0.123
1675949048,1.025,0.087
1675949048,1.025,0.11
1675949048,1.027,0.095
1675949048,1.025,0.11
1675949048,1.027,0.127
1675949048,1.029,0.113
1675949048,1.026,0.114
1675949048,1.025,0.122
1675949048,1.027,0.104
1675949048,1.027,0.098
1675949048,1.022,0.096
1675949048,1.023,0.109
1675949048,1.024,0.084
1675949048,1.027,0.11
1675949048,1.028,0.106
1675949048,1.028,0.115
1675949048,1.026,0.105
1675949048,1.027,0.113
1675949048,1.028,0.107
1675949049,1.027,0.102
1675949049,1.032,0.135
1675949049,1.025,0.106
1675949049,1.028,0.112
1675949049,1.028,0.107
1675949049,1.028,0.105
1675949049,1.026,0.101
1675949049,1.029,0.111
1675949049,1.024,0.098
1675949049,1.028,0.12
1675949049,1.029,0.121
1675949049,1.026,0.113
1675949049,1.025,0.092
1675949049,1.026,0.102
1675949049,1.027,0.11
1675949049,1.026,0.102
1675949049,1.024,0.098
1675949049,1.028,0.115
1675949049,1.028,0.101
1675949049,1.026,0.099
1675949050,1.024,0.108
1675949050,1.024,0.108
1675949050,1.025,0.107
1675949050,1.027,0.11
1675949050,1.023,0.109
1675949050,1.027,0.107
1675949050,1.025,0.101
1675949050,1.026,0.108
1675949050,1.024,0.103
1675949050,1.027,0.101
1675949050,1.026,0.102
1675949050,1.027,0.101
1675949050,1.027,0.103
1675949050,1.014,0.091
1675949050,1.023,0.098
1675949050,1.025,0.11
1675949050,1.024,0.101
1675949050,1.027,0.111
1675949050,1.026,0.11
1675949050,1.027,0.104
1675949051,1.024,0.1
1675949051,1.027,0.111
1675949051,1.026,0.111
1675949051,1.03,0.097
1675949051,1.026,0.112
1675949051,1.027,0.103
1675949051,1.03,0.109
1675949051,1.023,0.114
1675949051,1.028,0.108
1675949051,1.023,0.107
1675949051,1.024,0.108
1675949051,1.024,0.114
1675949051,1.028,0.104
1675949051,1.028,0.112
1675949051,1.026,0.108
1675949051,1.027,0.102
1675949051,1.025,0.107
1675949051,1.026,0.106
1675949051,1.026,0.11
1675949051,1.027,0.101
1675949052,1.027,0.1
1675949052,1.026,0.107
1675949052,1.026,0.103
1675949052,1.024,0.103
1675949052,1.025,0.102
1675949052,1.028,0.1
1675949052,1.03,0.104
1675949052,1.027,0.108
1675949052,1.026,0.104
1675949052,1.03,0.109
1675949052,1.026,0.11
1675949052,1.025,0.109
1675949052,1.029,0.106
1675949052,1.023,0.1
1675949052,1.028,0.101
1675949052,1.028,0.107
1675949052,1.027,0.098
1675949052,1.024,0.103
1675949052,1.027,0.109
1675949052,1.026,0.108
1675949053,1.026,0.099
1675949053,1.028,0.112
1675949053,1.025,0.107
1675949053,1.03,0.105
1675949053,1.026,0.092
1675949053,1.027,0.096
1675949053,1.024,0.11
1675949053,1.025,0.097
1675949053,1.027,0.11
1675949053,1.027,0.104
1675949053,1.027,0.105
1675949053,1.028,0.105
1675949053,1.027,0.11
1675949053,1.027,0.105
1675949053,1.031,0.11
1675949053,1.031,0.102
1675949053,1.026,0.109
1675949053,1.027,0.089
1675949053,1.025,0.1
1675949053,1.025,0.11
1675949054,1.026,0.108
1675949054,1.026,0.1
1675949054,1.027,0.112
1675949054,1.027,0.11
1675949054,1.025,0.107
1675949054,1.026,0.112
1675949054,1.024,0.104
1675949054,1.028,0.106
1675949054,1.028,0.114
1675949054,1.027,0.105
1675949054,1.025,0.101
1675949054,1.028,0.108
1675949054,1.028,0.105
1675949054,1.028,0.103
1675949054,1.028,0.109
1675949054,1.026,0.111
1675949054,1.029,0.103
1675949054,1.026,0.11
1675949054,1.028,0.104
1675949054,1.03,0.108
1675949055,1.025,0.059
1675949055,1.031,0.125
1675949055,1.028,0.103
1675949055,1.027,0.113
1675949055,1.028,0.096
1675949055,1.025,0.109
1675949055,1.027,0.108
1675949055,1.026,0.111
1675949055,1.026,0.106
1675949055,1.025,0.11
1675949055,1.028,0.107
1675949055,1.025,0.098
1675949055,1.404,0.12
1675949055,2.464,0.1
1675949055,2.466,0.106
1675949055,2.458,0.106
1675949055,2.46,0.111
1675949055,2.463,0.103
1675949055,2.463,0.106
1675949055,2.464,0.103
1675949056,2.461,0.118
1675949056,2.462,0.108
1675949056,2.464,0.109
1675949056,2.46,0.106
1675949056,2.406,0.104
1675949056,1.028,0.108
1675949056,1.029,0.107
1675949056,1.027,0.107
1675949056,1.023,0.099
1675949056,1.024,0.113
1675949056,1.025,0.102
1675949056,1.027,0.108
1675949056,1.026,0.267
1675949056,1.023,8.188
1675949056,1.024,8.201
1675949056,1.023,8.201
1675949056,1.027,8.196
1675949056,1.024,8.2
1675949056,1.025,8.201
1675949056,1.021,8.198
1675949057,1.026,8.201
1675949057,1.024,8.199
1675949057,1.024,8.199
1675949057,1.026,1.554
1675949057,1.029,0.106
1675949057,1.024,0.106
1675949057,1.024,0.106
1675949057,1.025,0.109
1675949057,1.026,0.101
1675949057,1.028,0.111
1675949057,1.025,0.105
1675949057,1.026,0.105
1675949057,1.024,0.108
1675949057,1.028,0.115
1675949057,1.025,0.102
1675949057,1.025,0.112
1675949057,1.027,0.117
1675949057,1.025,0.112
1675949057,1.368,0.107
1675949057,2.462,0.106
1675949058,2.462,0.109
1675949058,2.46,0.103
1675949058,2.464,0.103
1675949058,2.459,0.109
1675949058,2.462,0.102
1675949058,2.462,0.101
1675949058,2.466,0.105
1675949058,2.459,0.112
1675949058,2.463,0.106
1675949058,2.461,0.107
1675949058,2.457,0.106
1675949058,2.462,0.109
1675949058,1.943,0.105
1675949058,1.029,0.104
1675949058,1.022,0.107
1675949058,1.027,0.103
1675949058,1.027,0.119
1675949058,1.024,0.106
1675949058,1.026,0.752
1675949058,1.025,8.202
1675949059,1.024,8.205
1675949059,1.025,8.198
1675949059,1.026,8.203
1675949059,1.022,8.18
1675949059,1.025,8.205
1675949059,1.027,8.192
1675949059,1.022,8.188
1675949059,1.025,8.173
1675949059,1.025,8.193
1675949059,1.025,8.184
1675949059,1.025,8.201
1675949059,1.026,3.959
1675949059,1.027,0.105
1675949059,1.026,0.101
1675949059,1.082,0.115
1675949059,2.46,0.107
1675949059,2.461,0.105
1675949059,2.464,0.122
1675949059,2.464,0.111
1675949059,2.458,0.113
1675949060,2.46,0.114
1675949060,2.459,0.119
1675949060,2.459,0.103
1675949060,2.462,0.103
1675949060,2.463,0.114
1675949060,2.46,0.096
1675949060,2.46,0.103
1675949060,2.463,0.111
1675949060,1.552,0.109
1675949060,1.023,0.109
1675949060,1.024,0.098
1675949060,1.023,0.097
1675949060,1.022,0.104
1675949060,1.024,0.104
1675949060,1.025,0.103
1675949060,1.023,6.391
1675949060,1.025,8.199
1675949060,1.024,8.204
1675949060,1.024,8.199
1675949060,1.024,8.202
1675949061,1.023,8.199
1675949061,1.027,8.208
1675949061,1.024,8.208
1675949061,1.024,8.201
1675949061,1.022,8.199
1675949061,1.022,8.186
1675949061,1.026,4.147
1675949061,1.027,0.125
1675949061,1.026,0.115
1675949061,1.023,0.101
1675949061,1.026,0.107
1675949061,1.024,0.106
1675949061,1.025,0.103
1675949061,1.025,0.104
1675949061,1.025,0.099
1675949061,1.027,0.099
1675949061,1.023,0.096
1675949061,1.026,0.108
1675949061,1.028,0.107
1675949061,1.027,0.116
1675949062,1.027,0.096
1675949062,1.028,0.11
1675949062,1.029,0.123
1675949062,1.025,0.11
1675949062,1.027,0.12
1675949062,1.022,0.094
1675949062,1.024,0.121
1675949062,1.023,0.109
1675949062,1.026,0.112
1675949062,1.025,0.117
1675949062,1.026,0.127
1675949062,1.025,0.118
1675949062,1.022,0.096
1675949062,1.025,0.139
1675949062,1.025,0.112
1675949062,1.022,0.085
1675949062,1.026,0.094
1675949062,1.027,0.106
1675949062,1.024,0.104
1675949062,1.028,0.116
1675949063,1.024,0.087
1675949063,1.021,0.099
1675949063,1.024,0.097
1675949063,1.024,0.113
1675949063,1.023,0.089
1675949063,1.023,0.078
1675949063,1.026,0.106
1675949063,1.025,0.105
1675949063,1.028,0.112
1675949063,1.029,0.113
1675949063,1.023,0.121
1675949063,1.026,0.109
1675949063,1.025,0.092
1675949063,1.024,0.1
1675949063,1.018,0.094
1675949063,1.029,0.139
1675949063,1.026,0.094
1675949063,1.024,0.1
1675949063,1.026,0.085
1675949063,1.025,0.108
1675949064,1.027,0.12
1675949064,1.024,0.112
1675949064,1.025,0.101
1675949064,1.025,0.12
1675949064,1.024,0.102
1675949064,1.022,0.095
1675949064,1.024,0.093
1675949064,1.023,0.102
1675949064,1.023,0.103
1675949064,1.023,0.106
1675949064,1.024,0.118
1675949064,1.025,0.121
1675949064,1.022,0.089
1675949064,1.025,0.098
1675949064,1.024,0.094
1675949064,1.027,0.119
1675949064,1.026,0.123
1675949064,1.022,0.101
1675949064,1.028,0.13
1675949064,1.026,0.116
1675949065,1.031,0.125
1675949065,1.027,0.127
1675949065,1.023,0.096
1675949065,1.025,0.104
1675949065,1.025,0.1
1675949065,1.025,0.092
1675949065,1.023,0.081
1675949065,1.023,0.124
1675949065,1.022,0.08
1675949065,1.027,0.122
1675949065,1.024,0.091
1675949065,1.025,0.113
1675949065,1.025,0.098
1675949065,1.024,0.108
1675949065,1.023,0.1
1675949065,1.022,0.157
1675949065,1.024,0.107
1675949065,1.025,0.098
1675949065,1.026,0.111
1675949065,1.028,0.102
1675949066,1.025,0.108
1675949066,1.029,0.11
1675949066,1.026,0.105
1675949066,1.023,0.119
1675949066,1.027,0.119
1675949066,1.026,0.11
1675949066,1.026,0.107
1675949066,1.024,0.107
1675949066,1.025,0.105
1675949066,1.021,0.099
1675949066,1.027,0.097
1675949066,1.024,0.109
1675949066,1.024,0.108
1675949066,1.023,0.093
1675949066,1.024,0.112
1675949066,1.024,0.102
1675949066,1.023,0.108
1675949066,1.026,0.115
1675949066,1.029,0.118
1675949066,1.021,0.086
1675949067,1.024,0.096
1675949067,1.024,0.093
1675949067,1.029,0.1
1675949067,1.025,0.11
1675949067,1.027,0.106
1675949067,1.026,0.096
1675949067,1.025,0.106
1675949067,1.029,0.104
1675949067,1.027,0.105
1675949067,1.025,0.111
1675949067,1.026,0.109
1675949067,1.029,0.108
1675949067,1.021,0.097
1675949067,1.025,0.106
1675949067,1.024,0.102
1675949067,1.025,0.102
1675949067,1.029,0.105
1675949067,1.027,0.104
1675949067,1.026,0.104
1675949067,1.027,0.113
1675949068,1.024,0.106
1675949068,1.024,0.108
1675949068,1.023,0.106
1675949068,1.028,0.112
1675949068,1.028,0.104
1675949068,1.025,0.104
1675949068,1.023,0.103
1675949068,1.024,0.103
1675949068,1.023,0.101
1675949068,1.022,0.104
1675949068,1.025,0.101
1675949068,1.027,0.103
1675949068,1.026,0.101
1675949068,1.027,0.104
1675949068,1.022,0.106
1675949068,1.023,0.102
1675949068,1.025,0.104
1675949068,1.027,0.111
1675949068,1.025,0.105
1675949068,1.025,0.106
1675949069,1.022,0.103
1675949069,1.025,0.107
1675949069,1.023,0.109
1675949069,1.025,0.108
1675949069,1.024,0.107
1675949069,1.025,0.109
1675949069,1.023,0.115
1675949069,1.025,0.106
1675949069,1.024,0.108
1675949069,1.027,0.102
1675949069,1.023,0.113
1675949069,1.027,0.098
1675949069,1.025,0.11
1675949069,1.025,0.1
1675949069,1.026,0.106
1675949069,1.025,0.104
1675949069,1.023,0.11
1675949069,1.026,0.156
1675949069,1.025,0.103
1675949069,1.025,0.106
1675949070,1.023,0.101
1675949070,1.026,0.105
1675949070,1.022,0.112
1675949070,1.026,0.104
1675949070,1.027,0.105
1675949070,1.028,0.109
1675949070,1.022,0.1
1675949070,1.025,0.105
1675949070,1.025,0.108
1675949070,1.027,0.11
1675949070,1.024,0.107
1675949070,1.025,0.102
1675949070,1.024,0.102
1675949070,1.025,0.105
1675949070,1.024,0.115
1675949070,1.023,0.102
1675949070,1.025,0.104
1675949070,1.022,0.113
1675949070,1.023,0.102
1675949070,1.027,0.108
1675949071,1.029,0.109
1675949071,1.022,0.108
1675949071,1.026,0.104
1675949071,1.026,0.106
1675949071,1.027,0.106
1675949071,1.028,0.114
1675949071,1.027,0.105
1675949071,1.025,0.107
1675949071,1.024,0.109
1675949071,1.024,0.107
1675949071,1.026,0.11
1675949071,1.025,0.109
1675949071,1.028,0.11
1675949071,1.025,0.108
1675949071,1.025,0.102
1675949071,1.027,0.11
1675949071,1.023,0.107
1675949071,1.025,0.103
1675949071,1.027,0.106
1675949071,1.026,0.108
1675949072,1.025,0.106
1675949072,1.024,0.106
1675949072,1.026,0.116
1675949072,1.024,0.108
1675949072,1.023,0.1
1675949072,1.024,0.104
1675949072,1.026,0.113
1675949072,1.025,0.104
1675949072,1.024,0.11
1675949072,1.026,0.105
1675949072,1.023,0.104
1675949072,1.026,0.109
1675949072,1.024,0.105
1675949072,1.023,0.109
1675949072,1.027,0.108
1675949072,1.028,0.101
1675949072,1.024,0.109
1675949072,1.023,0.108
1675949072,1.027,0.102
1675949072,1.025,0.106
1675949073,1.025,0.106
1675949073,1.024,0.107
1675949073,1.022,0.106
1675949073,1.023,0.117
1675949073,1.023,0.107
1675949073,1.025,0.104
1675949073,1.025,0.105
1675949073,1.025,0.106
1675949073,1.023,0.109
1675949073,1.025,0.106
1675949073,1.025,0.106
1675949073,1.022,0.102
1675949073,1.026,0.108
1675949073,1.024,0.1
1675949073,1.024,0.097
1675949073,1.027,0.107
1675949073,1.027,0.11
1675949073,1.026,0.107
1675949073,1.024,0.114
1675949073,1.025,0.103
1675949074,1.027,0.105
1675949074,1.026,0.104
1675949074,1.023,0.101
1675949074,1.027,0.112
1675949074,1.027,0.097
1675949074,1.024,0.108
1675949074,1.024,0.107
1675949074,1.024,0.104
1675949074,1.026,0.107
1675949074,1.027,0.106
1675949074,1.023,0.109
1675949074,1.026,0.111
1675949074,1.024,0.107
1675949074,1.027,0.101
1675949074,1.027,0.108
1675949074,1.025,0.097
1675949074,1.023,0.106
1675949074,1.024,0.108
1675949074,1.024,0.103
1675949074,1.022,0.102
1675949075,1.027,0.11
1675949075,1.025,0.106
1675949075,1.026,0.108
1675949075,1.025,0.105
1675949075,1.023,0.107
1675949075,1.027,0.11
1675949075,1.024,0.108
1675949075,1.026,0.101
1675949075,1.026,0.119
1675949075,1.023,0.114
1675949075,1.029,0.116
1675949075,1.026,0.105
1675949075,1.027,0.111
1675949075,1.023,0.1
1675949075,1.027,0.108
1675949075,1.026,0.108
1675949075,1.025,0.1
1675949075,1.023,0.107
1675949075,1.024,0.11
1675949075,1.02,0.106
1675949076,1.024,0.108
1675949076,1.023,0.104
1675949076,1.024,0.111
1675949076,1.023,0.099
1675949076,1.025,0.1
1675949076,1.025,0.1
1675949076,1.026,0.106
1675949076,1.024,0.105
1675949076,1.022,0.106
1675949076,1.026,0.112
1675949076,1.025,0.108
1675949076,1.026,0.11
1675949076,1.024,0.102
1675949076,1.027,0.099
1675949076,1.027,0.113
1675949076,1.029,0.093
1675949076,1.025,0.107
1675949076,1.024,0.104
1675949076,1.024,0.109
1675949076,1.026,0.108
1675949077,1.026,0.106
1675949077,1.024,0.106
1675949077,1.024,0.108
1675949077,1.026,0.098
1675949077,1.025,0.112
1675949077,1.025,0.102
1675949077,1.024,0.107
1675949077,1.026,0.109
1675949077,1.026,0.108
1675949077,1.023,0.104
1675949077,1.025,0.118
1675949077,1.024,0.106
1675949077,1.023,0.103
1675949077,1.021,0.095
1675949077,1.021,0.106
1675949077,1.023,0.103
1675949077,1.027,0.107
1675949077,1.023,0.105
1675949077,1.024,0.112
1675949077,1.019,0.096
1675949078,1.025,0.111
1675949078,1.023,0.113
1675949078,1.024,0.102
1675949078,1.025,0.109
1675949078,1.023,0.098
1675949078,1.022,0.109
1675949078,1.024,0.089
1675949078,1.022,0.096
1675949078,1.028,0.134
1675949078,1.025,0.104
1675949078,1.024,0.096
1675949078,1.021,0.115
1675949078,1.025,0.114
1675949078,1.025,0.109
1675949078,1.026,0.115
1675949078,1.02,0.1
1675949078,1.023,0.118
1675949078,1.025,0.104
1675949078,1.025,0.112
1675949078,1.027,0.12
1675949079,1.023,0.101
1675949079,1.026,0.125
1675949079,1.023,0.085
1675949079,1.022,0.082
1675949079,1.025,0.111
1675949079,1.022,0.087
1675949079,1.024,0.118
1675949079,1.025,0.104
1675949079,1.021,0.082
1675949079,1.022,0.122
1675949079,1.028,0.119
1675949079,1.023,0.106
1675949079,1.025,0.117
1675949079,1.025,0.125
1675949079,1.025,0.115
1675949079,1.023,0.095
1675949079,1.025,0.079
1675949079,1.025,0.097
1675949079,1.027,0.123
1675949079,1.024,0.097
1675949080,1.024,0.103
1675949080,1.027,0.118
1675949080,1.023,0.1
1675949080,1.025,0.111
1675949080,1.025,0.113
1675949080,1.022,0.121
1675949080,1.023,0.113
1675949080,1.025,0.118
1675949080,1.023,0.098
1675949080,1.023,0.076
1675949080,1.026,0.109
1675949080,1.023,0.113
1675949080,1.024,0.11
1675949080,1.025,0.101
1675949080,1.026,0.119
1675949080,1.026,0.098
1675949080,1.024,0.095
1675949080,1.023,0.088
1675949080,1.025,0.112
1675949080,1.026,0.113
1675949081,1.027,0.107
1675949081,1.024,0.091
1675949081,1.023,0.087
1675949081,1.024,0.105
1675949081,1.023,0.13
1675949081,1.024,0.112
1675949081,1.023,0.093
1675949081,1.027,0.106
1675949081,1.029,0.124
1675949081,1.025,0.105
1675949081,1.025,0.1
1675949081,1.025,0.101
1675949081,1.028,0.12
1675949081,1.027,0.105
1675949081,1.023,0.101
1675949081,1.027,0.119
1675949081,1.022,0.099
1675949081,1.026,0.13
1675949081,1.022,0.117
1675949081,1.023,0.094
1675949082,1.026,0.127
1675949082,1.025,0.111
1675949082,1.028,0.1
1675949082,1.024,0.114
1675949082,1.024,0.1
1675949082,1.028,0.13
1675949082,1.024,0.109
1675949082,1.026,0.111
1675949082,1.025,0.116
1675949082,1.027,0.111
1675949082,1.025,0.105
1675949082,1.024,0.101
1675949082,1.029,0.115
1675949082,1.023,0.098
1675949082,1.024,0.075
1675949082,1.025,0.11
1675949082,1.02,0.103
1675949082,1.022,0.087
1675949082,1.026,0.141
1675949082,1.025,0.096
1675949083,1.028,0.087
1675949083,1.024,0.102
1675949083,1.027,0.107
1675949083,1.026,0.114
1675949083,1.024,0.104
1675949083,1.025,0.098
1675949083,1.028,0.109
1675949083,1.026,0.113
1675949083,1.028,0.117
1675949083,1.026,0.116
1675949083,1.025,0.106
1675949083,1.027,0.095
1675949083,1.025,0.11
1675949083,1.023,0.116
1675949083,1.026,0.102
1675949083,1.022,0.102
1675949083,1.024,0.091
1675949083,1.026,0.108
1675949083,1.023,0.101
1675949083,1.023,0.086
1675949084,1.027,0.103
1675949084,1.025,0.107
1675949084,1.025,0.107
1675949084,1.022,0.107
1675949084,1.025,0.107
1675949084,1.026,0.107
1675949084,1.024,0.098
1675949084,1.024,0.1
1675949084,1.027,0.115
1675949084,1.024,0.107
1675949084,1.027,0.11
1675949084,1.026,0.105
1675949084,1.029,0.104
1675949084,1.027,0.102
1675949084,1.027,0.106
1675949084,1.026,0.109
1675949084,1.024,0.106
1675949084,1.023,0.108
1675949084,1.026,0.11
1675949084,1.028,0.099
1675949085,1.024,0.109
1675949085,1.027,0.101
1675949085,1.027,0.107
1675949085,1.023,0.102
1675949085,1.026,0.104
1675949085,1.028,0.103
1675949085,1.024,0.107
1675949085,1.024,0.102
1675949085,1.022,0.114
1675949085,1.025,0.108
1675949085,1.023,0.113
1675949085,1.022,0.104
1675949085,1.026,0.101
1675949085,1.022,0.103
1675949085,1.026,0.108
1675949085,1.026,0.108
1675949085,1.024,0.106
1675949085,1.026,0.108
1675949085,1.024,0.098
1675949085,1.025,0.111
1675949086,1.027,0.106
1675949086,1.024,0.102
1675949086,1.028,0.099
1675949086,1.022,0.095
1675949086,1.024,0.104
1675949086,1.025,0.104
1675949086,1.024,0.103
1675949086,1.024,0.1
1675949086,1.026,0.108
1675949086,1.026,0.103
1675949086,1.024,0.103
1675949086,1.025,0.104
1675949086,1.025,0.111
1675949086,1.025,0.102
1675949086,1.026,0.104
1675949086,1.027,0.099
1675949086,1.025,0.103
1675949086,1.023,0.1
1675949086,1.025,0.106
1675949086,1.025,0.104
1675949087,1.024,0.105
1675949087,1.026,0.103
1675949087,1.023,0.102
1675949087,1.025,0.105
1675949087,1.025,0.112
1675949087,1.025,0.103
1675949087,1.025,0.099
1675949087,1.028,0.101
1675949087,1.026,0.098
1675949087,1.026,0.106
1675949087,1.024,0.103
1675949087,1.026,0.101
1675949087,1.022,0.114
1675949087,1.029,0.095
1675949087,1.024,0.105
1675949087,1.028,0.119
1675949087,1.029,0.103
1675949087,1.027,0.108
1675949087,1.03,0.102
1675949087,1.023,0.101
1675949088,1.023,0.103
1675949088,1.026,0.11
1675949088,1.023,0.101
1675949088,1.025,0.099
1675949088,1.022,0.106
1675949088,1.025,0.111
1675949088,1.025,0.108
1675949088,1.023,0.104
1675949088,1.026,0.105
1675949088,1.024,0.101
1675949088,1.025,0.102
1675949088,1.026,0.103
1675949088,1.025,0.102
1675949088,1.021,0.1
1675949088,1.024,0.103
1675949088,1.023,0.104
1675949088,1.023,0.103
1675949088,1.027,0.107
1675949088,1.025,0.107
1675949088,1.028,0.098
1675949089,1.028,0.107
1675949089,1.024,0.093
1675949089,1.026,0.107
1675949089,1.026,0.105
1675949089,1.025,0.104
1675949089,1.026,0.113
1675949089,1.025,0.101
1675949089,1.023,0.097
1675949089,1.027,0.098
1675949089,1.026,0.101
1675949089,1.024,0.118
1675949089,1.024,0.083
1675949089,1.027,0.11
1675949089,1.022,0.099
1675949089,1.025,0.124
1675949089,1.024,0.113
1675949089,1.026,0.107
1675949089,1.023,0.096
1675949089,1.028,0.112
1675949089,1.022,0.093
1675949090,1.026,0.096
1675949090,1.027,0.101
1675949090,1.026,0.102
1675949090,1.025,0.107
1675949090,1.024,0.11
1675949090,1.027,0.1
1675949090,1.025,0.101
1675949090,1.022,0.111
1675949090,1.025,0.102
1675949090,1.023,0.104
1675949090,1.026,0.099
1675949090,1.023,0.104
1675949090,1.025,0.103
1675949090,1.023,0.103
1675949090,1.026,0.105
1675949090,1.022,0.104
1675949090,1.027,0.102
1675949090,1.023,0.097
1675949090,1.022,0.1
1675949090,1.025,0.097
1675949091,1.022,0.104
1675949091,1.026,0.102
1675949091,1.024,0.107
1675949091,1.027,0.103
1675949091,1.028,0.104
1675949091,1.026,0.104
1675949091,1.024,0.106
1675949091,1.025,0.109
1675949091,1.024,0.096
1675949091,1.028,0.104
1675949091,1.026,0.105
1675949091,1.026,0.106
1675949091,1.026,0.098
1675949091,1.026,0.112
1675949091,1.025,0.095
1675949091,1.026,0.104
1675949091,1.022,0.113
1675949091,1.021,0.097
1675949091,1.025,0.105
1675949091,1.026,0.107
1675949092,1.024,0.104
1675949092,1.024,0.112
1675949092,1.025,0.105
1675949092,1.023,0.101
1675949092,1.026,0.105
1675949092,1.025,0.105
1675949092,1.023,0.104
1675949092,1.025,0.105
1675949092,1.025,0.103
1675949092,1.024,0.113
1675949092,1.026,0.098
1675949092,1.022,0.106
1675949092,1.023,0.104
1675949092,1.024,0.102
1675949092,1.025,0.103
1675949092,1.028,0.103
1675949092,1.023,0.11
1675949092,1.021,0.099
1675949092,1.022,0.106
1675949092,1.029,0.108
1675949093,1.022,0.098
1675949093,1.024,0.103
1675949093,1.021,0.104
1675949093,1.025,0.111
1675949093,1.022,0.105
1675949093,1.025,0.097
1675949093,1.026,0.106
1675949093,1.024,0.106
1675949093,1.024,0.098
1675949093,1.026,0.103
1675949093,1.026,0.098
1675949093,1.024,0.101
1675949093,1.024,0.1
1675949093,1.026,0.108
1675949093,1.023,0.107
1675949093,1.023,0.1
1675949093,1.024,0.109
1675949093,1.028,0.104
1675949093,1.025,0.108
1675949093,1.024,0.107
1675949094,1.026,0.098
1675949094,1.022,0.106
1675949094,1.024,0.109
1675949094,1.027,0.104
1675949094,1.027,0.107
1675949094,1.023,0.108
1675949094,1.026,0.105
1675949094,1.023,0.107
1675949094,1.025,0.103
1675949094,1.024,0.099
1675949094,1.024,0.107
1675949094,1.024,0.104
1675949094,1.023,0.102
1675949094,1.027,0.116
1675949094,1.025,0.102
1675949094,1.024,0.112
1675949094,1.024,0.106
1675949094,1.023,0.099
1675949094,1.025,0.113
1675949094,1.026,0.103
1675949095,1.024,0.104
1675949095,1.025,0.099
1675949095,1.025,0.108
1675949095,1.026,0.107
1675949095,1.028,0.106
1675949095,1.023,0.104
1675949095,1.03,0.102
1675949095,1.025,0.099
1675949095,1.026,0.099
1675949095,1.022,0.099
1675949095,1.03,0.111
1675949095,1.026,0.11
1675949095,1.025,0.101
1675949095,1.027,0.107
1675949095,1.028,0.103
1675949095,1.024,0.097
1675949095,1.028,0.121
1675949095,1.023,0.114
1675949095,1.024,0.108
1675949095,1.029,0.116
1675949096,1.024,0.106
1675949096,1.022,0.104
1675949096,1.024,0.111
1675949096,1.026,0.116
1675949096,1.026,0.1
1675949096,1.023,0.103
1675949096,1.025,0.103
1675949096,1.024,0.139
1675949096,1.024,0.096
1675949096,1.026,0.098
1675949096,1.025,0.098
1675949096,1.025,0.103
1675949096,1.026,0.096
1675949096,1.023,0.1
1675949096,1.027,0.118
1675949096,1.025,0.097
1675949096,1.022,0.101
1675949096,1.025,0.113
1675949096,1.022,0.102
1675949096,1.024,0.107
1675949097,1.024,0.127
1675949097,1.027,0.097
1675949097,1.027,0.097
1675949097,1.023,0.099
1675949097,1.024,0.106
1675949097,1.026,0.114
1675949097,1.026,0.106
1675949097,1.026,0.119
1675949097,1.02,0.084
1675949097,1.024,0.104
1675949097,1.027,0.111
1675949097,1.024,0.113
1675949097,1.024,0.1
1675949097,1.022,0.09
1675949097,1.024,0.091
1675949097,1.026,0.11
1675949097,1.023,0.092
1675949097,1.024,0.092
1675949097,1.025,0.078
1675949097,1.026,0.107
1675949098,1.022,0.078
1675949098,1.026,0.104
1675949098,1.023,0.095
1675949098,1.024,0.11
1675949098,1.02,0.089
1675949098,1.025,0.098
1675949098,1.028,0.097
1675949098,1.026,0.111
1675949098,1.021,0.076
1675949098,1.023,0.1
1675949098,1.025,0.115
1675949098,1.021,0.095
1675949098,1.027,0.106
1675949098,1.027,0.112
1675949098,1.024,0.12
1675949098,1.028,0.105
1675949098,1.023,0.079
1675949098,1.025,0.128
1675949098,1.026,0.109
1675949098,1.024,0.119
1675949099,1.026,0.121
1675949099,1.023,0.116
1675949099,1.023,0.101
1675949099,1.022,0.089
1675949099,1.025,0.085
1675949099,1.02,0.093
1675949099,1.026,0.115
1675949099,1.026,0.097
1675949099,1.02,0.097
1675949099,1.024,0.116
1675949099,1.026,0.107
1675949099,1.022,0.124
1675949099,1.024,0.099
1675949099,1.028,0.126
1675949099,1.029,0.132
1675949099,1.026,0.094
1675949099,1.024,0.126
1675949099,1.026,0.106
1675949099,1.025,0.151
1675949099,1.026,0.109
1675949100,1.027,0.102
1675949100,1.025,0.115
1675949100,1.026,0.099
1675949100,1.028,0.096
1675949100,1.022,0.099
1675949100,1.026,0.101
1675949100,1.023,0.11
1675949100,1.025,0.101
1675949100,1.029,0.118
1675949100,1.024,0.103
1675949100,1.026,0.106
1675949100,1.024,0.094
1675949100,1.024,0.096
1675949100,1.023,0.094
1675949100,1.025,0.106
1675949100,1.026,0.117
1675949100,1.026,0.102
1675949100,1.027,0.104
1675949100,1.024,0.111
1675949100,1.021,0.1
1675949101,1.025,0.102
1675949101,1.024,0.11
1675949101,1.025,0.09
1675949101,1.026,0.099
1675949101,1.025,0.103
1675949101,1.024,0.106
1675949101,1.024,0.106
1675949101,1.028,0.108
1675949101,1.022,0.088
1675949101,1.023,0.109
1675949101,1.025,0.099
1675949101,1.022,0.083
1675949101,1.022,0.098
1675949101,1.025,0.103
1675949101,1.026,0.104
1675949101,1.026,0.108
1675949101,1.023,0.105
1675949101,1.003,0.139
1675949101,1.024,0.109
1675949101,1.022,0.108
1675949102,1.025,0.102
1675949102,1.026,0.103
1675949102,1.025,0.099
1675949102,1.023,0.102
1675949102,1.024,0.109
1675949102,1.023,0.114
1675949102,1.026,0.099
1675949102,1.029,0.103
1675949102,1.025,0.094
1675949102,1.027,0.106
1675949102,1.026,0.108
1675949102,1.027,0.105
1675949102,1.028,0.106
1675949102,1.024,0.105
1675949102,1.024,0.103
1675949102,1.023,0.106
1675949102,1.022,0.103
1675949102,1.021,0.102
1675949102,1.027,0.106
1675949102,1.024,0.101
1675949103,1.026,0.104
1675949103,1.027,0.106
1675949103,1.023,0.108
1675949103,1.026,0.11
1675949103,1.023,0.108
1675949103,1.026,0.107
1675949103,1.023,0.11
1675949103,1.024,0.109
1675949103,1.024,0.108
1675949103,1.023,0.103
1675949103,1.027,0.108
1675949103,1.023,0.115
1675949103,1.025,0.101
1675949103,1.028,0.106
1675949103,1.025,0.104
1675949103,1.023,0.102
1675949103,1.026,0.103
1675949103,1.024,0.104
1675949103,1.024,0.109
1675949103,1.023,0.104
1675949104,1.024,0.098
1675949104,1.025,0.106
1675949104,1.023,0.108
1675949104,1.024,0.103
1675949104,1.025,0.111
1675949104,1.02,0.114
1675949104,1.024,0.102
1675949104,1.022,0.108
1675949104,1.02,0.107
1675949104,1.024,0.106
1675949104,1.021,0.107
1675949104,1.026,0.105
1675949104,1.024,0.099
1675949104,1.027,0.097
1675949104,1.026,0.112
1675949104,1.024,0.115
1675949104,1.024,0.104
1675949104,1.026,0.111
1675949104,1.026,0.11
1675949104,1.024,0.104
1675949105,1.027,0.103
1675949105,1.023,0.112
1675949105,1.021,0.101
1675949105,1.025,0.104
1675949105,1.023,0.103
1675949105,1.026,0.103
1675949105,1.028,0.111
1675949105,1.024,0.113
1675949105,1.027,0.106
1675949105,1.026,0.106
1675949105,1.025,0.095
1675949105,1.025,0.108
1675949105,1.021,0.096
1675949105,1.021,0.112
1675949105,1.026,0.106
1675949105,1.028,0.103
1675949105,1.021,0.11
1675949105,1.023,0.111
1675949105,1.024,0.11
1675949105,1.022,0.111
1675949106,1.023,0.107
1675949106,1.02,0.105
1675949106,1.022,0.104
1675949106,1.025,0.098
1675949106,1.021,0.101
1675949106,1.023,0.096
1675949106,1.026,0.107
1675949106,1.022,0.108
1675949106,1.022,0.106
1675949106,1.023,0.101
1675949106,1.026,0.112
1675949106,1.026,0.106
1675949106,1.027,0.099
1675949106,1.025,0.111
1675949106,1.025,0.123
1675949106,1.026,0.105
1675949106,1.023,0.103
1675949106,1.022,0.103
1675949106,1.023,0.108
1675949106,1.025,0.108
1675949107,1.024,0.1
1675949107,1.025,0.108
1675949107,1.025,0.108
1675949107,1.026,0.107
1675949107,1.024,0.103
1675949107,1.023,0.108
1675949107,1.029,0.102
1675949107,1.024,0.109
1675949107,1.024,0.106
1675949107,1.024,0.1
1675949107,1.026,0.103
1675949107,1.026,0.111
1675949107,1.021,0.108
1675949107,1.024,0.107
1675949107,1.026,0.1
1675949107,1.025,0.11
1675949107,1.024,0.1
1675949107,1.023,0.105
1675949107,1.022,0.107
1675949107,1.025,0.115
1675949108,1.023,0.106
1675949108,1.026,0.106
1675949108,1.023,0.092
1675949108,1.023,0.112
1675949108,1.022,0.104
1675949108,1.024,0.109
1675949108,1.023,0.109
1675949108,1.025,0.101
1675949108,1.025,0.103
1675949108,1.024,0.105
1675949108,1.025,0.101
1675949108,1.024,0.112
1675949108,1.02,0.107
1675949108,1.024,0.101
1675949108,1.024,0.109
1675949108,1.023,0.11
1675949108,1.025,0.101
1675949108,1.024,0.107
1675949108,1.023,0.101
1675949108,1.024,0.103
1675949109,1.021,0.104
1675949109,1.023,0.111
1675949109,1.023,0.1
1675949109,1.025,0.112
1675949109,1.027,0.109
1675949109,1.026,0.112
1675949109,1.024,0.108
1675949109,1.022,0.108
1675949109,1.023,0.108
1675949109,1.025,0.106
1675949109,1.022,0.108
1675949109,1.024,0.108
1675949109,1.024,0.104
1675949109,1.024,0.107
1675949109,1.022,0.115
1675949109,1.024,0.109
1675949109,1.022,0.104
1675949109,1.023,0.098
1675949109,1.027,0.112
1675949109,1.019,0.1
1675949110,1.023,0.106
1675949110,1.024,0.106
1675949110,1.025,0.11
1675949110,1.024,0.105
1675949110,1.024,0.097
1675949110,1.024,0.104
1675949110,1.024,0.104
1675949110,1.019,0.105
1675949110,1.022,0.098
1675949110,1.022,0.105
1675949110,1.025,0.098
1675949110,1.025,0.092
1675949110,1.022,0.1
1675949110,1.024,0.105
1675949110,1.029,0.108
1675949110,1.021,0.099
1675949110,1.021,0.079
1675949110,1.023,0.1
1675949110,1.022,0.106
1675949110,1.022,0.105
1675949111,1.023,0.105
1675949111,1.024,0.107
1675949111,1.022,0.099
1675949111,1.026,0.103
1675949111,1.023,0.106
1675949111,1.026,0.104
1675949111,1.023,0.101
1675949111,1.026,0.105
1675949111,1.025,0.11
1675949111,1.026,0.108
1675949111,1.025,0.104
1675949111,1.024,0.105
1675949111,1.025,0.109
1675949111,1.026,0.102
1675949111,1.025,0.109
1675949111,1.026,0.101
1675949111,1.022,0.102
1675949111,1.024,0.113
1675949111,1.024,0.109
1675949111,1.023,0.094
1675949112,1.023,0.105
1675949112,1.026,0.105
1675949112,1.023,0.104
1675949112,1.025,0.123
1675949112,1.022,0.097
1675949112,1.023,0.097
1675949112,1.024,0.105
1675949112,1.024,0.094
1675949112,1.021,0.099
1675949112,1.025,0.108
1675949112,1.025,0.092
1675949112,1.024,0.113
1675949112,1.021,0.097
1675949112,1.024,0.104
1675949112,1.022,0.104
1675949112,1.025,0.107
1675949112,1.024,0.095
1675949112,1.017,0.122
1675949112,1.022,0.11
1675949112,1.024,0.09
1675949113,1.023,0.098
1675949113,1.022,0.116
1675949113,1.022,0.096
1675949113,1.022,0.095
1675949113,1.021,0.098
1675949113,1.025,0.113
1675949113,1.024,0.1
1675949113,1.019,0.099
1675949113,1.024,0.103
1675949113,1.026,0.091
1675949113,1.022,0.087
1675949113,1.024,0.1
1675949113,1.024,0.098
1675949113,1.021,0.116
1675949113,1.024,0.106
1675949113,1.02,0.103
1675949113,1.023,0.113
1675949113,1.025,0.095
1675949113,1.023,0.112
1675949113,1.022,0.099
1675949114,1.021,0.092
1675949114,1.026,0.112
1675949114,1.024,0.108
1675949114,1.027,0.126
1675949114,1.025,0.1
1675949114,1.027,0.104
1675949114,1.025,0.114
1675949114,1.022,0.105
1675949114,1.021,0.105
1675949114,1.028,0.113
1675949114,1.023,0.093
1675949114,1.024,0.127
1675949114,1.024,0.1
1675949114,1.027,0.113
1675949114,1.027,0.103
1675949114,1.025,0.118
1675949114,1.023,0.115
1675949114,1.022,0.101
1675949114,1.017,0.118
1675949114,1.023,0.108
1675949115,1.026,0.108
1675949115,1.022,0.119
1675949115,1.024,0.103
1675949115,1.022,0.103
1675949115,1.023,0.101
1675949115,1.025,0.125
1675949115,1.025,0.104
1675949115,1.024,0.095
1675949115,1.025,0.103
1675949115,1.025,0.103
1675949115,1.023,0.106
1675949115,1.026,0.112
1675949115,1.027,0.096
1675949115,1.028,0.132
1675949115,1.024,0.119
1675949115,1.024,0.103
1675949115,1.025,0.098
1675949115,1.024,0.091
1675949115,1.029,0.12
1675949115,1.027,0.116
1675949116,1.563,0.095
1675949116,2.461,0.119
1675949116,2.459,0.111
1675949116,2.457,0.068
1675949116,2.458,0.099
1675949116,2.46,0.111
1675949116,2.458,0.114
1675949116,2.459,0.108
1675949116,2.458,0.112
1675949116,2.458,0.084
1675949116,2.46,0.115
1675949116,2.458,0.097
1675949116,2.456,0.089
1675949116,2.432,0.114
1675949116,1.023,0.078
1675949116,1.028,0.126
1675949116,1.027,0.102
1675949116,1.021,0.098
1675949116,1.023,0.089
1675949116,1.025,0.114
1675949117,1.021,0.622
1675949117,1.021,8.182
1675949117,1.023,8.198
1675949117,1.022,8.202
1675949117,1.023,8.199
1675949117,1.025,8.192
1675949117,1.022,8.211
1675949117,1.022,8.193
1675949117,1.024,8.203
1675949117,1.019,8.205
1675949117,1.022,8.199
1675949117,1.021,8.197
1675949117,1.023,2.692
1675949117,1.024,0.093
1675949117,1.028,0.124
1675949117,1.024,0.117
1675949117,1.024,0.107
1675949117,1.022,0.12
1675949117,1.024,0.093
1675949117,1.021,0.108
1675949118,1.023,0.099
1675949118,1.023,0.099
1675949118,1.026,0.107
1675949118,1.023,0.104
1675949118,1.021,0.096
1675949118,1.025,0.108
1675949118,1.628,0.086
1675949118,2.459,0.105
1675949118,2.455,0.1
1675949118,2.458,0.104
1675949118,2.458,0.099
1675949118,2.464,0.103
1675949118,2.457,0.097
1675949118,2.461,0.112
1675949118,2.458,0.095
1675949118,2.459,0.12
1675949118,2.456,0.099
1675949118,2.461,0.1
1675949118,1.541,0.104
1675949118,1.028,0.107
1675949119,1.025,0.108
1675949119,1.022,0.104
1675949119,1.025,0.106
1675949119,1.023,0.106
1675949119,1.025,0.099
1675949119,1.024,0.104
1675949119,1.023,2.374
1675949119,1.022,8.154
1675949119,1.021,8.201
1675949119,1.022,8.194
1675949119,1.023,8.196
1675949119,1.02,8.198
1675949119,1.024,8.196
1675949119,1.024,8.193
1675949119,1.026,8.204
1675949119,1.023,8.195
1675949119,1.024,6.535
1675949119,1.025,0.108
1675949119,1.025,0.105
1675949119,1.025,0.103
1675949120,1.023,0.104
1675949120,1.281,0.102
1675949120,2.458,0.107
1675949120,2.463,0.103
1675949120,2.458,0.113
1675949120,2.459,0.106
1675949120,2.46,0.116
1675949120,2.457,0.103
1675949120,2.458,0.101
1675949120,2.459,0.106
1675949120,2.458,0.101
1675949120,2.456,0.095
1675949120,2.457,0.106
1675949120,2.461,0.104
1675949120,2.456,0.107
1675949120,2.458,0.105
1675949120,2.228,0.103
1675949120,1.024,0.107
1675949120,1.025,0.109
1675949120,1.026,0.103
1675949121,1.024,0.098
1675949121,1.023,2.063
1675949121,1.021,8.193
1675949121,1.024,8.19
1675949121,1.02,8.203
1675949121,1.021,8.197
1675949121,1.026,8.19
1675949121,1.022,8.191
1675949121,1.02,8.184
1675949121,1.027,8.191
1675949121,1.019,8.19
1675949121,1.025,8.184
1675949121,1.022,8.175
1675949121,1.024,8.167
1675949121,1.023,8.191
1675949121,1.022,2.043
1675949121,1.018,0.107
1675949121,1.024,0.099
1675949121,1.025,0.098
1675949121,1.022,0.103
1675949122,1.022,0.105
1675949122,1.023,0.101
1675949122,1.022,0.106
1675949122,1.024,0.104
1675949122,1.02,0.11
1675949122,1.023,0.108
1675949122,1.022,0.099
1675949122,1.022,0.11
1675949122,1.026,0.114
1675949122,1.023,0.105
1675949122,1.023,0.102
1675949122,1.024,0.1
1675949122,1.023,0.106
1675949122,1.021,0.104
1675949122,1.023,0.106
1675949122,1.028,0.11
1675949122,1.022,0.109
1675949122,1.025,0.106
1675949122,1.024,0.112
1675949122,1.026,0.104
1675949123,1.023,0.108
1675949123,1.023,0.096
1675949123,1.022,0.107
1675949123,1.027,0.101
1675949123,1.023,0.104
1675949123,1.026,0.111
1675949123,1.026,0.107
1675949123,1.027,0.103
1675949123,1.021,0.108
1675949123,1.022,0.107
1675949123,1.023,0.108
1675949123,1.026,0.098
1675949123,1.026,0.104
1675949123,1.022,0.112
1675949123,1.026,0.106
1675949123,1.024,0.105
1675949123,1.024,0.105
1675949123,1.023,0.076
1675949123,1.025,0.129
1675949123,1.024,0.065
1675949124,1.023,0.089
1675949124,1.026,0.073
1675949124,1.027,0.105
1675949124,1.023,0.097
1675949124,1.026,0.099
1675949124,1.024,0.091
1675949124,1.024,0.109
1675949124,1.024,0.114
1675949124,1.025,0.102
1675949124,1.024,0.106
1675949124,1.027,0.097
1675949124,1.023,0.108
1675949124,1.023,0.108
1675949124,1.026,0.118
1675949124,1.024,0.11
1675949124,1.025,0.104
1675949124,1.027,0.098
1675949124,1.022,0.107
1675949124,1.023,0.107
1675949124,1.025,0.112
1675949125,1.025,0.097
1675949125,1.024,0.101
1675949125,1.025,0.101
1675949125,1.025,0.099
1675949125,1.024,0.103
1675949125,1.026,0.105
1675949125,1.027,0.109
1675949125,1.021,0.104
1675949125,1.024,0.113
1675949125,1.023,0.104
1675949125,1.025,0.105
1675949125,1.025,0.109
1675949125,1.025,0.102
1675949125,1.023,0.104
1675949125,1.026,0.107
1675949125,1.024,0.102
1675949125,1.025,0.102
1675949125,1.026,0.111
1675949125,1.022,0.108
1675949125,1.023,0.099
1675949126,1.025,0.104
1675949126,1.024,0.102
1675949126,1.02,0.105
1675949126,1.023,0.095
1675949126,1.027,0.103
1675949126,1.025,0.105
1675949126,1.024,0.105
1675949126,1.021,0.105
1675949126,1.024,0.107
1675949126,1.026,0.097
1675949126,1.021,0.102
1675949126,1.028,0.102
1675949126,1.024,0.101
1675949126,1.026,0.108
1675949126,1.024,0.107
1675949126,1.028,0.1
1675949126,1.023,0.101
1675949126,1.027,0.095
1675949126,1.021,0.099
1675949126,1.023,0.107
1675949127,1.024,0.099
1675949127,1.028,0.104
1675949127,1.023,0.104
1675949127,1.026,0.11
1675949127,1.024,0.113
1675949127,1.029,0.109
1675949127,1.028,0.096
1675949127,1.027,0.096
1675949127,1.019,0.103
1675949127,1.023,0.108
1675949127,1.025,0.098
1675949127,1.025,0.101
1675949127,1.027,0.1
1675949127,1.023,0.101
1675949127,1.023,0.106
1675949127,1.023,0.108
1675949127,1.025,0.109
1675949127,1.022,0.1
1675949127,1.025,0.106
1675949127,1.024,0.102
1675949128,1.023,0.105
1675949128,1.022,0.11
1675949128,1.023,0.11
1675949128,1.024,0.1
1675949128,1.025,0.104
1675949128,1.022,0.099
1675949128,1.027,0.103
1675949128,1.023,0.107
1675949128,1.025,0.105
1675949128,1.027,0.102
1675949128,1.025,0.096
1675949128,1.026,0.098
1675949128,1.022,0.1
1675949128,1.026,0.103
1675949128,1.026,0.103
1675949128,1.029,0.097
1675949128,1.024,0.103
1675949128,1.021,0.101
1675949128,1.024,0.096
1675949128,1.022,0.103
1675949129,1.025,0.099
1675949129,1.026,0.106
1675949129,1.023,0.098
1675949129,1.026,0.102
1675949129,1.026,0.106
1675949129,1.026,0.105
1675949129,1.023,0.093
1675949129,1.024,0.094
1675949129,1.023,0.104
1675949129,1.026,0.114
1675949129,1.023,0.106
1675949129,1.023,0.101
1675949129,1.023,0.103
1675949129,1.024,0.114
1675949129,1.023,0.095
1675949129,1.028,0.159
1675949129,1.022,0.092
1675949129,1.024,0.113
1675949129,1.023,0.116
1675949129,1.026,0.12
1675949130,1.023,0.094
1675949130,1.027,0.147
1675949130,1.024,0.088
1675949130,1.023,0.099
1675949130,1.023,0.109
1675949130,1.024,0.091
1675949130,1.024,0.073
1675949130,1.023,0.104
1675949130,1.024,0.104
1675949130,1.025,0.124
1675949130,1.023,0.05
1675949130,1.024,0.081
1675949130,1.026,0.075
1675949130,1.024,0.109
1675949130,1.024,0.067
1675949130,1.021,0.064
1675949130,1.024,0.098
1675949130,1.025,0.122
1675949130,1.026,0.118
1675949130,1.025,0.118
1675949131,1.027,0.129
1675949131,1.023,0.105
1675949131,1.023,0.135
1675949131,1.022,0.062
1675949131,1.023,0.113
1675949131,1.021,0.076
1675949131,1.023,0.131
1675949131,1.027,0.149
1675949131,1.026,0.086
1675949131,1.028,0.136
1675949131,1.023,0.129
1675949131,1.028,0.127
1675949131,1.024,0.084
1675949131,1.022,0.097
1675949131,1.025,0.101
1675949131,1.021,0.071
1675949131,1.019,0.148
1675949131,1.024,0.113
1675949131,1.026,0.094
1675949131,1.025,0.138
1675949132,1.024,0.106
1675949132,1.024,0.123
1675949132,1.026,0.094
1675949132,1.021,0.077
1675949132,1.026,0.097
1675949132,1.027,0.078
1675949132,1.023,0.051
1675949132,1.025,0.1
1675949132,1.024,0.125
1675949132,1.025,0.119
1675949132,1.024,0.129
1675949132,1.026,0.127
1675949132,1.028,0.124
1675949132,1.02,0.134
1675949132,1.025,0.134
1675949132,1.024,0.097
1675949132,1.026,0.033
1675949132,1.024,0.088
1675949132,1.027,0.16
1675949132,1.023,0.074
1675949133,1.027,0.123
1675949133,1.025,0.108
1675949133,1.021,0.047
1675949133,1.024,0.089
1675949133,1.023,0.139
1675949133,1.027,0.12
1675949133,1.021,0.151
1675949133,1.024,0.143
1675949133,1.026,0.116
1675949133,1.023,0.063
1675949133,1.024,0.153
1675949133,1.026,0.104
1675949133,1.023,0.061
1675949133,1.028,0.164
1675949133,1.022,0.057
1675949133,1.023,0.139
1675949133,1.026,0.093
1675949133,1.031,0.107
1675949133,1.022,0.039
1675949133,1.025,0.131
1675949134,1.024,0.131
1675949134,1.027,0.201
1675949134,1.024,0.106
1675949134,1.02,0.017
1675949134,1.027,0.166
1675949134,1.026,0.094
1675949134,1.022,0.076
1675949134,1.024,0.091
1675949134,1.028,0.164
1675949134,1.021,0.053
1675949134,1.025,0.06
1675949134,1.026,0.111
1675949134,1.022,0.141
1675949134,1.023,0.119
1675949134,1.028,0.157
1675949134,1.026,0.087
1675949134,1.026,0.098
1675949134,1.022,0.062
1675949134,1.028,0.099
1675949134,1.023,0.106
1675949135,1.024,0.082
1675949135,1.023,0.09
1675949135,1.023,0.089
1675949135,1.025,0.125
1675949135,1.021,0.105
1675949135,1.024,0.068
1675949135,1.024,0.108
1675949135,1.024,0.112
1675949135,1.025,0.118
1675949135,1.02,0.052
1675949135,1.023,0.09
1675949135,1.025,0.108
1675949135,1.024,0.109
1675949135,1.025,0.095
1675949135,1.024,0.118
1675949135,1.022,0.091
1675949135,1.022,0.068
1675949135,1.023,0.097
1675949135,1.025,0.118
1675949135,1.023,0.096
1675949136,1.023,0.098
1675949136,1.024,0.106
1675949136,1.022,0.104
1675949136,1.024,0.089
1675949136,1.021,0.088
1675949136,1.028,0.1
1675949136,1.023,0.108
1675949136,1.024,0.105
1675949136,1.025,0.116
1675949136,1.023,0.097
1675949136,1.025,0.103
1675949136,1.024,0.106
1675949136,1.023,0.1
1675949136,1.027,0.106
1675949136,1.022,0.102
1675949136,1.025,0.097
1675949136,1.022,0.105
1675949136,1.024,0.106
1675949136,1.023,0.115
1675949136,1.02,0.1
1675949137,1.023,0.094
1675949137,1.025,0.106
1675949137,1.021,0.102
1675949137,1.022,0.107
1675949137,1.022,0.099
1675949137,1.022,0.099
1675949137,1.023,0.101
1675949137,1.021,0.104
1675949137,1.021,0.108
1675949137,1.025,0.103
1675949137,1.022,0.105
1675949137,1.023,0.098
1675949137,1.025,0.101
1675949137,1.021,0.105
1675949137,1.021,0.106
1675949137,1.023,0.108
1675949137,1.02,0.103
1675949137,1.026,0.102
1675949137,1.023,0.102
1675949137,1.026,0.098
1675949138,1.026,0.104
1675949138,1.021,0.102
1675949138,1.026,0.097
1675949138,1.024,0.109
1675949138,1.021,0.112
1675949138,1.024,0.103
1675949138,1.024,0.097
1675949138,1.023,0.103
1675949138,1.024,0.1
1675949138,1.023,0.097
1675949138,1.022,0.107
1675949138,1.026,0.106
1675949138,1.022,0.1
1675949138,1.023,0.11
1675949138,1.022,0.099
1675949138,1.026,0.099
1675949138,1.026,0.104
1675949138,1.026,0.098
1675949138,1.025,0.107
1675949138,1.023,0.1
1675949139,1.022,0.101
1675949139,1.025,0.114
1675949139,1.021,0.109
1675949139,1.022,0.109
1675949139,1.023,0.109
1675949139,1.024,0.103
1675949139,1.022,0.107
1675949139,1.025,0.107
1675949139,1.024,0.1
1675949139,1.023,0.104
1675949139,1.022,0.1
1675949139,1.022,0.103
1675949139,1.024,0.102
1675949139,1.024,0.102
1675949139,1.019,0.107
1675949139,1.024,0.107
1675949139,1.025,0.096
1675949139,1.027,0.101
1675949139,1.024,0.106
1675949139,1.023,0.101
1675949140,1.027,0.101
1675949140,1.025,0.103
1675949140,1.023,0.107
1675949140,1.021,0.104
1675949140,1.024,0.109
1675949140,1.025,0.104
1675949140,1.023,0.11
1675949140,1.026,0.103
1675949140,1.025,0.097
1675949140,1.022,0.109
1675949140,1.024,0.104
1675949140,1.024,0.101
1675949140,1.024,0.105
1675949140,1.023,0.1
1675949140,1.022,0.105
1675949140,1.019,0.111
1675949140,1.024,0.106
1675949140,1.025,0.103
1675949140,1.024,0.108
1675949140,1.024,0.103
1675949141,1.025,0.1
1675949141,1.025,0.1
1675949141,1.023,0.103
1675949141,1.026,0.103
1675949141,1.024,0.095
1675949141,1.022,0.104
1675949141,1.022,0.1
1675949141,1.024,0.101
1675949141,1.024,0.106
1675949141,1.025,0.104
1675949141,1.025,0.103
1675949141,1.023,0.11
1675949141,1.025,0.104
1675949141,1.026,0.106
1675949141,1.021,0.102
1675949141,1.025,0.107
1675949141,1.026,0.096
1675949141,1.025,0.111
1675949141,1.022,0.102
1675949141,1.024,0.105
1675949142,1.023,0.093
1675949142,1.026,0.107
1675949142,1.028,0.106
1675949142,1.024,0.108
1675949142,1.023,0.102
1675949142,1.024,0.106
1675949142,1.025,0.11
1675949142,1.024,0.112
1675949142,1.026,0.101
1675949142,1.024,0.114
1675949142,1.023,0.101
1675949142,1.025,0.102
1675949142,1.022,0.103
1675949142,1.026,0.103
1675949142,1.022,0.105
1675949142,1.023,0.099
1675949142,1.025,0.107
1675949142,1.024,0.099
1675949142,1.021,0.107
1675949142,1.022,0.098
1675949143,1.023,0.105
1675949143,1.022,0.104
1675949143,1.023,0.1
1675949143,1.025,0.101
1675949143,1.025,0.103
1675949143,1.023,0.105
1675949143,1.024,0.097
1675949143,1.025,0.101
1675949143,1.023,0.107
1675949143,1.025,0.093
1675949143,1.022,0.1
1675949143,1.025,0.102
1675949143,1.024,0.1
1675949143,1.022,0.11
1675949143,1.02,0.105
1675949143,1.024,0.102
1675949143,1.025,0.112
1675949143,1.024,0.108
1675949143,1.022,0.105
1675949143,1.024,0.105
1675949144,1.022,0.105
1675949144,1.023,0.109
1675949144,1.024,0.103
1675949144,1.023,0.106
1675949144,1.024,0.098
1675949144,1.021,0.103
1675949144,1.026,0.103
1675949144,1.026,0.102
1675949144,1.027,0.101
1675949144,1.025,0.092
1675949144,1.024,0.097
1675949144,1.026,0.103
1675949144,1.025,0.109
1675949144,1.025,0.097
1675949144,1.023,0.1
1675949144,1.024,0.099
1675949144,1.024,0.099
1675949144,1.026,0.106
1675949144,1.027,0.095
1675949144,1.023,0.097
1675949145,1.025,0.102
1675949145,1.024,0.11
1675949145,1.025,0.111
1675949145,1.023,0.097
1675949145,1.025,0.107
1675949145,1.024,0.107
1675949145,1.021,0.104
1675949145,1.023,0.102
1675949145,1.022,0.103
1675949145,1.024,0.1
1675949145,1.024,0.105
1675949145,1.024,0.102
1675949145,1.022,0.103
1675949145,1.022,0.101
1675949145,1.024,0.096
1675949145,1.026,0.101
1675949145,1.022,0.106
1675949145,1.023,0.106
1675949145,1.021,0.105
1675949145,1.023,0.102
1675949146,1.025,0.102
1675949146,1.025,0.108
1675949146,1.023,0.096
1675949146,1.023,0.101
1675949146,1.024,0.112
1675949146,1.021,0.107
1675949146,1.026,0.1
1675949146,1.025,0.097
1675949146,1.025,0.102
1675949146,1.024,0.117
1675949146,1.026,0.134
1675949146,1.026,0.119
1675949146,1.026,0.109
1675949146,1.024,0.103
1675949146,1.022,0.094
1675949146,1.024,0.121
1675949146,1.023,0.088
1675949146,1.021,0.102
1675949146,1.018,0.109
1675949146,1.025,0.118
1675949147,1.026,0.116
1675949147,1.026,0.129
1675949147,1.026,0.13
1675949147,1.023,0.11
1675949147,1.027,0.064
1675949147,1.026,0.133
1675949147,1.024,0.115
1675949147,1.024,0.132
1675949147,1.026,0.105
1675949147,1.024,0.101
1675949147,1.025,0.102
1675949147,1.023,0.123
1675949147,1.029,0.129
1675949147,1.023,0.074
1675949147,1.028,0.131
1675949147,1.023,0.104
1675949147,1.022,0.087
1675949147,1.024,0.111
1675949147,1.03,0.112
1675949147,1.026,0.123
1675949148,1.023,0.111
1675949148,1.029,0.112
1675949148,1.024,0.093
1675949148,1.025,0.121
1675949148,1.027,0.077
1675949148,1.024,0.095
1675949148,1.023,0.114
1675949148,1.026,0.108
1675949148,1.022,0.102
1675949148,1.023,0.122
1675949148,1.025,0.128
1675949148,1.023,0.087
1675949148,1.024,0.132
1675949148,1.027,0.094
1675949148,1.026,0.143
1675949148,1.027,0.09
1675949148,1.025,0.123
1675949148,1.023,0.109
1675949148,1.025,0.104
1675949148,1.022,0.087
1675949149,1.027,0.125
1675949149,1.027,0.141
1675949149,1.023,0.091
1675949149,1.024,0.12
1675949149,1.025,0.143
1675949149,1.027,0.152
1675949149,1.025,0.074
1675949149,1.027,0.132
1675949149,1.026,0.124
1675949149,1.025,0.118
1675949149,1.021,0.07
1675949149,1.024,0.102
1675949149,1.024,0.058
1675949149,1.024,0.107
1675949149,1.021,0.127
1675949149,1.025,0.143
1675949149,1.023,0.083
1675949149,1.022,0.102
1675949149,1.026,0.136
1675949149,1.023,0.134
1675949150,1.025,0.147
1675949150,1.023,0.115
1675949150,1.021,0.077
1675949150,1.02,0.07
1675949150,1.026,0.106
1675949150,1.024,0.085
1675949150,1.022,0.095
1675949150,1.022,0.112
1675949150,1.021,0.068
1675949150,1.021,0.076
1675949150,1.023,0.116
1675949150,1.024,0.111
1675949150,1.025,0.069
1675949150,1.025,0.122
1675949150,1.027,0.082
1675949150,1.023,0.133
1675949150,1.023,0.054
1675949150,1.025,0.128
1675949150,1.022,0.045
1675949150,1.022,0.056
1675949151,1.024,0.081
1675949151,1.028,0.132
1675949151,1.024,0.057
1675949151,1.022,0.048
1675949151,1.025,0.151
1675949151,1.024,0.069
1675949151,1.027,0.08
1675949151,1.026,0.06
1675949151,1.024,0.024
1675949151,1.024,0.042
1675949151,1.021,0.089
1675949151,1.022,0.024
1675949151,1.023,0.075
1675949151,1.026,0.097
1675949151,1.024,0.127
1675949151,1.022,0.059
1675949151,1.028,0.115
1675949151,1.023,0.073
1675949151,1.024,0.073
1675949151,1.023,0.084
1675949152,1.026,0.078
1675949152,1.026,0.125
1675949152,1.025,0.097
1675949152,1.024,0.091
1675949152,1.022,0.061
1675949152,1.025,0.122
1675949152,1.023,0.089
1675949152,1.025,0.101
1675949152,1.024,0.086
1675949152,1.022,0.097
1675949152,1.025,0.132
1675949152,1.026,0.112
1675949152,1.024,0.117
1675949152,1.025,0.108
1675949152,1.024,0.087
1675949152,1.024,0.116
1675949152,1.026,0.11
1675949152,1.023,0.075
1675949152,1.024,0.091
1675949152,1.024,0.076
1675949153,1.024,0.1
1675949153,1.027,0.082
1675949153,1.026,0.116
1675949153,1.025,0.106
1675949153,1.025,0.115
1675949153,1.025,0.097
1675949153,1.025,0.11
1675949153,1.026,0.116
1675949153,1.026,0.092
1675949153,1.026,0.094
1675949153,1.026,0.102
1675949153,1.027,0.093
1675949153,1.027,0.107
1675949153,1.023,0.101
1675949153,1.026,0.111
1675949153,1.025,0.11
1675949153,1.027,0.098
1675949153,1.023,0.1
1675949153,1.023,0.108
1675949153,1.027,0.099
1675949154,1.025,0.106
1675949154,1.024,0.09
1675949154,1.027,0.106
1675949154,1.022,0.103
1675949154,1.027,0.117
1675949154,1.025,0.107
1675949154,1.028,0.1
1675949154,1.025,0.103
1675949154,1.03,0.105
1675949154,1.025,0.102
1675949154,1.028,0.1
1675949154,1.025,0.108
1675949154,1.023,0.1
1675949154,1.028,0.104
1675949154,1.027,0.104
1675949154,1.026,0.109
1675949154,1.028,0.1
1675949154,1.027,0.102
1675949154,1.027,0.105
1675949154,1.025,0.107
1675949155,1.026,0.102
1675949155,1.023,0.106
1675949155,1.025,0.107
1675949155,1.025,0.101
1675949155,1.023,0.098
1675949155,1.025,0.107
1675949155,1.027,0.098
1675949155,1.022,0.104
1675949155,1.024,0.095
1675949155,1.022,0.104
1675949155,1.024,0.108
1675949155,1.026,0.103
1675949155,1.024,0.099
1675949155,1.024,0.104
1675949155,1.025,0.102
1675949155,1.023,0.104
1675949155,1.028,0.103
1675949155,1.029,0.104
1675949155,1.025,0.107
1675949155,1.028,0.102
1675949156,1.026,0.105
1675949156,1.027,0.104
1675949156,1.026,0.108
1675949156,1.027,0.097
1675949156,1.026,0.099
1675949156,1.024,0.108
1675949156,1.024,0.105
1675949156,1.026,0.103
1675949156,1.025,0.103
1675949156,1.028,0.104
1675949156,1.025,0.105
1675949156,1.022,0.105
1675949156,1.023,0.105
1675949156,1.025,0.105
1675949156,1.026,0.108
1675949156,1.023,0.1
1675949156,1.026,0.099
1675949156,1.025,0.096
1675949156,1.028,0.115
1675949156,1.021,0.097
1675949157,1.025,0.106
1675949157,1.024,0.096
1675949157,1.027,0.093
1675949157,1.025,0.097
1675949157,1.023,0.104
1675949157,1.024,0.107
1675949157,1.026,0.105
1675949157,1.028,0.103
1675949157,1.023,0.105
1675949157,1.023,0.107
1675949157,1.026,0.102
1675949157,1.025,0.098
1675949157,1.026,0.108
1675949157,1.025,0.098
1675949157,1.026,0.097
1675949157,1.026,0.105
1675949157,1.026,0.103
1675949157,1.023,0.103
1675949157,1.024,0.112
1675949157,1.025,0.1
1675949158,1.021,0.097
1675949158,1.02,0.1
1675949158,1.024,0.105
1675949158,1.024,0.1
1675949158,1.024,0.107
1675949158,1.027,0.108
1675949158,1.026,0.092
1675949158,1.025,0.11
1675949158,1.028,0.101
1675949158,1.022,0.098
1675949158,1.026,0.121
1675949158,1.026,0.098
1675949158,1.027,0.103
1675949158,1.02,0.103
1675949158,1.025,0.134
1675949158,1.027,0.111
1675949158,1.023,0.062
1675949158,1.024,0.099
1675949158,1.027,0.091
1675949158,1.026,0.115
1675949159,1.027,0.1
1675949159,1.023,0.107
1675949159,1.024,0.093
1675949159,1.023,0.117
1675949159,1.025,0.102
1675949159,1.023,0.112
1675949159,1.023,0.107
1675949159,1.026,0.101
1675949159,1.025,0.097
1675949159,1.023,0.098
1675949159,1.024,0.099
1675949159,1.025,0.111
1675949159,1.027,0.099
1675949159,1.024,0.097
1675949159,1.018,0.119
1675949159,1.021,0.1
1675949159,1.026,0.101
1675949159,1.025,0.103
1675949159,1.024,0.099
1675949159,1.026,0.106
1675949160,1.022,0.101
1675949160,1.02,0.106
1675949160,1.023,0.1
1675949160,1.025,0.106
1675949160,1.024,0.105
1675949160,1.025,0.099
1675949160,1.023,0.104
1675949160,1.024,0.11
1675949160,1.022,0.101
1675949160,1.023,0.108
1675949160,1.023,0.097
1675949160,1.023,0.101
1675949160,1.025,0.097
1675949160,1.026,0.107
1675949160,1.028,0.103
1675949160,1.024,0.097
1675949160,1.027,0.111
1675949160,1.028,0.11
1675949160,1.025,0.1
1675949160,1.026,0.108
1675949161,1.024,0.101
1675949161,1.026,0.105
1675949161,1.025,0.1
1675949161,1.023,0.102
1675949161,1.027,0.106
1675949161,1.026,0.096
1675949161,1.024,0.104
1675949161,1.025,0.111
1675949161,1.026,0.105
1675949161,1.029,0.099
1675949161,1.024,0.109
1675949161,1.025,0.105
1675949161,1.025,0.104
1675949161,1.024,0.098
1675949161,1.025,0.111
1675949161,1.028,0.098
1675949161,1.023,0.106
1675949161,1.025,0.104
1675949161,1.024,0.108
1675949161,1.025,0.102
1675949162,1.023,0.103
1675949162,1.024,0.094
1675949162,1.023,0.095
1675949162,1.026,0.107
1675949162,1.024,0.106
1675949162,1.025,0.101
1675949162,1.022,0.103
1675949162,1.023,0.099
1675949162,1.025,0.104
1675949162,1.025,0.107
1675949162,1.026,0.105
1675949162,1.021,0.099
1675949162,1.023,0.104
1675949162,1.027,0.099
1675949162,1.025,0.115
1675949162,1.026,0.101
1675949162,1.027,0.101
1675949162,1.028,0.104
1675949162,1.024,0.104
1675949162,1.029,0.099
1675949163,1.028,0.111
1675949163,1.023,0.104
1675949163,1.021,0.101
1675949163,1.024,0.106
1675949163,1.029,0.103
1675949163,1.028,0.1
1675949163,1.026,0.106
1675949163,1.026,0.103
1675949163,1.028,0.114
1675949163,1.023,0.102
1675949163,1.027,0.111
1675949163,1.026,0.105
1675949163,1.026,0.101
1675949163,1.025,0.106
1675949163,1.026,0.101
1675949163,1.024,0.113
1675949163,1.015,0.104
1675949163,1.022,0.115
1675949163,1.026,0.095
1675949163,1.026,0.084
1675949164,1.027,0.087
1675949164,1.025,0.113
1675949164,1.024,0.115
1675949164,1.025,0.122
1675949164,1.027,0.098
1675949164,1.027,0.124
1675949164,1.025,0.103
1675949164,1.022,0.073
1675949164,1.02,0.122
1675949164,1.024,0.12
1675949164,1.024,0.105
1675949164,1.024,0.106
1675949164,1.022,0.101
1675949164,1.024,0.099
1675949164,1.023,0.112
1675949164,1.024,0.105
1675949164,1.028,0.111
1675949164,1.028,0.089
1675949164,1.023,0.109
1675949164,1.025,0.115
1675949165,1.03,0.126
1675949165,1.023,0.09
1675949165,1.028,0.111
1675949165,1.023,0.082
1675949165,1.025,0.128
1675949165,1.023,0.093
1675949165,1.027,0.108
1675949165,1.024,0.137
1675949165,1.027,0.143
1675949165,1.023,0.111
1675949165,1.025,0.171
1675949165,1.023,0.085
1675949165,1.022,0.115
1675949165,1.021,0.103
1675949165,1.027,0.09
1675949165,1.028,0.161
1675949165,1.026,0.109
1675949165,1.043,0.228
1675949165,1.026,0.132
1675949165,1.023,0.152
1675949166,1.024,0.106
1675949166,1.024,0.07
1675949166,1.026,0.04
1675949166,1.022,0.065
1675949166,1.023,0.077
1675949166,1.025,0.08
1675949166,1.019,0.111
1675949166,1.023,0.117
1675949166,1.024,0.061
1675949166,1.023,0.109
1675949166,1.026,0.101
1675949166,1.024,0.076
1675949166,1.024,0.043
1675949166,1.023,0.088
1675949166,1.026,0.085
1675949166,1.025,0.064
1675949166,1.024,0.076
1675949166,1.027,0.096
1675949166,1.021,0.077
1675949166,1.025,0.098
1675949167,1.023,0.097
1675949167,1.025,0.126
1675949167,1.023,0.091
1675949167,1.025,0.094
1675949167,1.023,0.078
1675949167,1.024,0.14
1675949167,1.022,0.125
1675949167,1.025,0.082
1675949167,1.024,0.136
1675949167,1.025,0.166
1675949167,1.026,0.071
1675949167,1.024,0.13
1675949167,1.026,0.106
1675949167,1.023,0.072
1675949167,1.024,0.098
1675949167,1.025,0.071
1675949167,1.023,0.127
1675949167,1.021,0.132
1675949167,1.023,0.095
1675949167,1.027,0.109
1675949168,1.02,0.09
1675949168,1.023,0.063
1675949168,1.024,0.132
1675949168,1.027,0.12
1675949168,1.026,0.15
1675949168,1.024,0.073
1675949168,1.022,0.061
1675949168,1.028,0.175
1675949168,1.023,0.114
1675949168,1.02,0.083
1675949168,1.025,0.101
1675949168,1.023,0.06
1675949168,1.023,0.096
1675949168,1.025,-0.045
1675949168,1.02,0.056
1675949168,1.021,0.084
1675949168,1.021,0.078
1675949168,1.023,0.052
1675949168,1.025,0.085
1675949168,1.026,0.137
1675949169,1.023,0.158
1675949169,1.022,0.042
1675949169,1.024,0.077
1675949169,1.023,0.11
1675949169,1.025,0.116
1675949169,1.023,0.084
1675949169,1.025,0.107
1675949169,1.023,0.119
1675949169,1.026,0.131
1675949169,1.025,0.114
1675949169,1.022,0.134
1675949169,1.025,0.092
1675949169,1.025,0.14
1675949169,1.028,0.105
1675949169,1.027,0.096
1675949169,1.023,0.101
1675949169,1.023,0.102
1675949169,1.024,0.092
1675949169,1.027,0.106
1675949169,1.027,0.124
1675949170,1.027,0.165
1675949170,1.023,0.133
1675949170,1.028,0.121
1675949170,1.024,0.106
1675949170,1.025,0.098
1675949170,1.024,0.089
1675949170,1.026,0.093
1675949170,1.025,0.121
1675949170,1.023,0.11
1675949170,1.026,0.093
1675949170,1.025,0.065
1675949170,1.022,0.093
1675949170,1.025,0.103
1675949170,1.022,0.116
1675949170,1.026,0.099
1675949170,1.025,0.077
1675949170,1.024,0.095
1675949170,1.021,0.098
1675949170,1.02,0.103
1675949170,1.023,0.108
1675949171,1.022,0.096
1675949171,1.025,0.102
1675949171,1.022,0.105
1675949171,1.025,0.1
1675949171,1.023,0.105
1675949171,1.026,0.113
1675949171,1.026,0.097
1675949171,1.024,0.092
1675949171,1.023,0.109
1675949171,1.025,0.099
1675949171,1.025,0.094
1675949171,1.024,0.108
1675949171,1.024,0.103
1675949171,1.028,0.107
1675949171,1.029,0.099
1675949171,1.023,0.098
1675949171,1.022,0.103
1675949171,1.026,0.101
1675949171,1.026,0.099
1675949171,1.025,0.102
1675949172,1.024,0.098
1675949172,1.021,0.104
1675949172,1.024,0.1
1675949172,1.022,0.104
1675949172,1.024,0.096
1675949172,1.022,0.106
1675949172,1.023,0.098
1675949172,1.025,0.096
1675949172,1.024,0.099
1675949172,1.025,0.102
1675949172,1.027,0.109
1675949172,1.025,0.098
1675949172,1.023,0.11
1675949172,1.024,0.109
1675949172,1.024,0.097
1675949172,1.025,0.096
1675949172,1.026,0.096
1675949172,1.023,0.103
1675949172,1.025,0.109
1675949172,1.019,0.111
1675949173,1.025,0.101
1675949173,1.024,0.102
1675949173,1.025,0.104
1675949173,1.024,0.103
1675949173,1.023,0.102
1675949173,1.021,0.104
1675949173,1.025,0.104
1675949173,1.022,0.109
1675949173,1.023,0.099
1675949173,1.026,0.1
1675949173,1.024,0.103
1675949173,1.023,0.101
1675949173,1.026,0.108
1675949173,1.02,0.107
1675949173,1.022,0.095
1675949173,1.023,0.1
1675949173,1.023,0.103
1675949173,1.024,0.105
1675949173,1.023,0.104
1675949173,1.024,0.101
1675949174,1.025,0.102
1675949174,1.024,0.102
1675949174,1.023,0.105
1675949174,1.025,0.105
1675949174,1.022,0.1
1675949174,1.023,0.095
1675949174,1.021,0.099
1675949174,1.025,0.109
1675949174,1.026,0.103
1675949174,1.02,0.098
1675949174,1.022,0.104
1675949174,1.025,0.104
1675949174,1.023,0.093
1675949174,1.021,0.102
1675949174,1.026,0.099
1675949174,1.021,0.093
1675949174,1.023,0.105
1675949174,1.023,0.102
1675949174,1.026,0.102
1675949174,1.023,0.097
1675949175,1.021,0.105
1675949175,1.023,0.105
1675949175,1.024,0.099
1675949175,1.026,0.105
1675949175,1.025,0.093
1675949175,1.025,0.107
1675949175,1.022,0.094
1675949175,1.021,0.113
1675949175,1.022,0.104
1675949175,1.026,0.102
1675949175,1.021,0.098
1675949175,1.024,0.101
1675949175,1.022,0.101
1675949175,1.023,0.096
1675949175,1.024,0.102
1675949175,1.022,0.109
1675949175,1.02,0.098
1675949175,1.022,0.105
1675949175,1.025,0.103
1675949175,1.024,0.101
1675949176,1.026,0.105
1675949176,1.02,0.106
1675949176,1.023,0.112
1675949176,1.024,0.108
1675949176,1.023,0.102
1675949176,1.024,0.1
1675949176,1.023,0.102
1675949176,1.023,0.101
1675949176,1.023,0.101
1675949176,1.02,0.103
1675949176,1.024,0.097
1675949176,1.025,0.096
1675949176,1.797,0.102
1675949176,2.458,0.101
1675949176,2.458,0.103
1675949176,2.455,0.097
1675949176,2.459,0.105
1675949176,2.458,0.095
1675949176,2.457,0.094
1675949176,2.459,0.11
1675949177,2.459,0.113
1675949177,2.457,0.107
1675949177,2.46,0.106
1675949177,2.459,0.103
1675949177,2.459,0.105
1675949177,2.461,0.103
1675949177,2.457,0.103
1675949177,1.11,0.109
1675949177,1.025,0.105
1675949177,1.027,0.109
1675949177,1.024,0.094
1675949177,1.028,0.11
1675949177,1.025,0.717
1675949177,1.021,8.176
1675949177,1.021,8.159
1675949177,1.023,8.163
1675949177,1.023,8.192
1675949177,1.022,8.189
1675949177,1.026,8.17
1675949177,1.025,8.182
1675949178,1.021,8.158
1675949178,1.026,8.12
1675949178,1.022,8.185
1675949178,1.023,8.19
1675949178,1.023,8.147
1675949178,1.025,7.808
1675949178,1.026,0.107
1675949178,1.027,0.109
1675949178,1.02,0.103
1675949178,1.027,0.107
1675949178,1.023,0.098
1675949178,1.023,0.109
1675949178,1.023,0.101
1675949178,1.026,0.106
1675949178,1.022,0.103
1675949178,1.024,0.097
1675949178,1.026,0.099
1675949178,1.021,0.11
1675949178,1.023,0.098
1675949178,1.025,0.105
1675949179,1.023,0.099
1675949179,1.024,0.103
1675949179,1.023,0.102
1675949179,1.022,0.098
1675949179,1.025,0.107
1675949179,1.026,0.108
1675949179,1.024,0.098
1675949179,1.021,0.112
1675949179,1.024,0.103
1675949179,1.027,0.104
1675949179,1.232,0.11
1675949179,2.462,0.105
1675949179,2.46,0.099
1675949179,2.455,0.095
1675949179,2.459,0.099
1675949179,2.459,0.1
1675949179,2.459,0.101
1675949179,2.458,0.106
1675949179,2.455,0.104
1675949179,2.461,0.098
1675949180,2.457,0.098
1675949180,2.46,0.095
1675949180,1.423,0.098
1675949180,1.027,0.101
1675949180,1.024,0.099
1675949180,1.027,0.094
1675949180,1.023,0.097
1675949180,1.025,0.106
1675949180,1.021,0.1
1675949180,1.023,0.103
1675949180,1.024,2.367
1675949180,1.024,8.197
1675949180,1.024,8.184
1675949180,2.315,8.193
1675949180,2.459,8.163
1675949180,2.458,8.192
1675949180,2.458,8.176
1675949180,2.455,8.184
1675949180,2.459,8.184
1675949180,2.459,8.141
1675949181,2.459,8.02
1675949181,2.459,0.105
1675949181,2.464,0.107
1675949181,2.459,0.1
1675949181,2.457,0.09
1675949181,2.462,0.107
1675949181,1.167,0.114
1675949181,1.026,0.1
1675949181,1.025,0.098
1675949181,1.026,0.112
1675949181,1.025,0.112
1675949181,1.023,0.114
1675949181,1.026,0.1
1675949181,1.024,2.838
1675949181,1.021,8.195
1675949181,1.02,8.201
1675949181,1.021,8.196
1675949181,1.02,8.199
1675949181,1.023,8.202
1675949181,1.023,8.201
1675949182,1.023,8.199
1675949182,1.025,8.191
1675949182,1.021,8.196
1675949182,1.022,8.189
1675949182,1.027,2.547
1675949182,1.027,0.104
1675949182,1.025,0.086
1675949182,1.025,0.105
1675949182,1.022,0.097
1675949182,1.024,0.098
1675949182,1.026,0.109
1675949182,1.023,0.092
1675949182,1.022,0.104
1675949182,1.024,0.116
1675949182,1.024,0.087
1675949182,1.022,0.087
1675949182,1.026,0.106
1675949182,1.025,0.112
1675949182,1.026,0.113
1675949182,1.024,0.106
1675949183,1.026,0.123
1675949183,1.022,0.081
1675949183,1.023,0.097
1675949183,1.027,0.097
1675949183,1.024,0.107
1675949183,1.023,0.088
1675949183,1.025,0.098
1675949183,1.022,0.106
1675949183,1.024,0.106
1675949183,1.024,0.087
1675949183,1.025,0.088
1675949183,1.026,0.095
1675949183,1.023,0.089
1675949183,1.025,0.136
1675949183,1.025,0.121
1675949183,1.027,0.099
1675949183,1.023,0.094
1675949183,1.021,0.098
1675949183,1.023,0.105
1675949183,1.02,0.086
1675949184,1.023,0.098
1675949184,1.025,0.091
1675949184,1.025,0.111
1675949184,1.025,0.098
1675949184,1.022,0.092
1675949184,1.022,0.09
1675949184,1.024,0.1
1675949184,1.023,0.121
1675949184,1.022,0.104
1675949184,1.023,0.078
1675949184,1.022,0.097
1675949184,1.026,0.123
1675949184,1.024,0.098
1675949184,1.018,0.075
1675949184,1.026,0.114
1675949184,1.024,0.106
1675949184,1.026,0.109
1675949184,1.024,0.109
1675949184,1.021,0.084
1675949184,1.021,0.083
