,Channel A Last (V),Channel B Last (V)
1670852215,,
1670852216,,
1670852216,,
1670852216,,
1670852216,,
1670852216,,
1670852216,,
1670852216,1.049,0.147
1670852216,1.055,0.151
1670852216,1.054,0.152
1670852216,1.051,0.151
1670852216,1.055,0.143
1670852216,1.052,0.151
1670852216,1.056,0.143
1670852216,1.054,0.142
1670852216,1.057,0.15
1670852216,1.053,0.144
1670852216,1.051,0.151
1670852216,1.055,0.153
1670852216,1.053,0.145
1670852216,1.052,0.144
1670852217,1.055,0.143
1670852217,1.054,0.142
1670852217,1.056,0.144
1670852217,1.053,0.151
1670852217,1.052,0.153
1670852217,1.056,0.147
1670852217,1.055,0.152
1670852217,1.063,0.156
1670852217,1.054,0.148
1670852217,1.057,0.156
1670852217,1.054,0.152
1670852217,1.055,0.152
1670852217,1.052,0.148
1670852217,1.056,0.149
1670852217,1.058,0.146
1670852217,1.054,0.147
1670852217,1.054,0.146
1670852217,1.054,0.149
1670852217,1.053,0.149
1670852217,1.054,0.15
1670852218,1.053,0.152
1670852218,1.056,0.146
1670852218,1.055,0.155
1670852218,1.055,0.148
1670852218,1.055,0.148
1670852218,1.052,0.145
1670852218,1.054,0.15
1670852218,1.05,0.153
1670852218,1.054,0.147
1670852218,1.054,0.158
1670852218,1.054,0.149
1670852218,1.055,0.152
1670852218,1.057,0.154
1670852218,1.052,0.147
1670852218,1.056,0.156
1670852218,1.052,0.153
1670852218,1.053,0.145
1670852218,1.057,0.148
1670852218,1.056,0.143
1670852218,1.053,0.15
1670852219,1.053,0.15
1670852219,1.052,0.145
1670852219,1.05,0.141
1670852219,1.055,0.15
1670852219,1.054,0.152
1670852219,1.055,0.149
1670852219,1.054,0.155
1670852219,1.053,0.153
1670852219,1.055,0.143
1670852219,1.052,0.156
1670852219,1.054,0.146
1670852219,1.055,0.15
1670852219,1.055,0.151
1670852219,1.056,0.157
1670852219,1.057,0.149
1670852219,1.055,0.146
1670852219,1.052,0.148
1670852219,1.055,0.151
1670852219,1.053,0.148
1670852219,1.055,0.146
1670852220,1.054,0.144
1670852220,1.053,0.146
1670852220,1.054,0.146
1670852220,1.053,0.144
1670852220,1.051,0.144
1670852220,1.051,0.146
1670852220,1.052,0.154
1670852220,1.056,0.148
1670852220,1.051,0.144
1670852220,1.054,0.154
1670852220,1.054,0.148
1670852220,1.056,0.153
1670852220,1.055,0.149
1670852220,1.056,0.151
1670852220,1.055,0.145
1670852220,1.06,0.158
1670852220,1.053,0.149
1670852220,1.052,0.154
1670852220,1.053,0.146
1670852220,1.055,0.141
1670852221,1.056,0.146
1670852221,1.053,0.143
1670852221,1.054,0.149
1670852221,1.052,0.147
1670852221,1.054,0.142
1670852221,1.051,0.154
1670852221,1.054,0.152
1670852221,1.054,0.161
1670852221,1.053,0.146
1670852221,1.046,0.142
1670852221,1.052,0.151
1670852221,1.051,0.142
1670852221,1.052,0.151
1670852221,1.052,0.149
1670852221,1.051,0.148
1670852221,1.053,0.149
1670852221,1.052,0.154
1670852221,1.052,0.156
1670852221,1.053,0.15
1670852221,1.051,0.152
1670852222,1.053,0.136
1670852222,1.052,0.134
1670852222,1.054,0.151
1670852222,1.057,0.149
1670852222,1.053,0.149
1670852222,1.052,0.145
1670852222,1.056,0.154
1670852222,1.053,0.145
1670852222,1.052,0.152
1670852222,1.052,0.144
1670852222,1.052,0.15
1670852222,1.053,0.15
1670852222,1.051,0.148
1670852222,1.052,0.149
1670852222,1.055,0.139
1670852222,1.052,0.141
1670852222,1.048,0.146
1670852222,1.051,0.145
1670852222,1.053,0.145
1670852222,1.049,0.147
1670852223,1.052,0.149
1670852223,1.051,0.151
1670852223,1.052,0.144
1670852223,1.049,0.147
1670852223,1.052,0.149
1670852223,1.05,0.15
1670852223,1.053,0.15
1670852223,1.05,0.142
1670852223,1.055,0.15
1670852223,1.05,0.148
1670852223,1.046,0.164
1670852223,1.053,0.156
1670852223,1.05,0.141
1670852223,1.053,0.142
1670852223,1.052,0.153
1670852223,1.054,0.135
1670852223,1.051,0.143
1670852223,1.054,0.152
1670852223,1.051,0.155
1670852223,1.052,0.141
1670852224,1.056,0.146
1670852224,1.052,0.153
1670852224,1.052,0.145
1670852224,1.052,0.157
1670852224,1.052,0.145
1670852224,1.053,0.149
1670852224,1.057,0.152
1670852224,1.055,0.153
1670852224,1.051,0.148
1670852224,1.056,0.145
1670852224,1.05,0.144
1670852224,1.049,0.147
1670852224,1.053,0.152
1670852224,1.048,0.149
1670852224,1.053,0.143
1670852224,1.051,0.142
1670852224,1.051,0.144
1670852224,1.053,0.153
1670852224,1.053,0.14
1670852224,1.051,0.144
1670852225,1.053,0.141
1670852225,1.052,0.147
1670852225,1.052,0.154
1670852225,1.053,0.147
1670852225,1.052,0.155
1670852225,1.056,0.15
1670852225,1.053,0.152
1670852225,1.052,0.153
1670852225,1.053,0.153
1670852225,1.052,0.151
1670852225,1.052,0.147
1670852225,1.052,0.153
1670852225,1.054,0.144
1670852225,1.053,0.142
1670852225,1.052,0.146
1670852225,1.054,0.151
1670852225,1.051,0.143
1670852225,1.053,0.143
1670852225,1.054,0.152
1670852225,1.051,0.15
1670852226,1.052,0.148
1670852226,1.053,0.15
1670852226,1.05,0.144
1670852226,1.052,0.144
1670852226,1.054,0.14
1670852226,1.05,0.146
1670852226,1.049,0.143
1670852226,1.052,0.144
1670852226,1.054,0.155
1670852226,1.051,0.147
1670852226,1.054,0.148
1670852226,1.052,0.141
1670852226,1.052,0.143
1670852226,1.05,0.148
1670852226,1.052,0.146
1670852226,1.051,0.143
1670852226,1.054,0.148
1670852226,1.051,0.147
1670852226,1.052,0.149
1670852226,1.053,0.151
1670852227,1.053,0.138
1670852227,1.053,0.144
1670852227,1.053,0.149
1670852227,1.056,0.143
1670852227,1.051,0.153
1670852227,1.052,0.151
1670852227,1.053,0.146
1670852227,1.051,0.143
1670852227,1.05,0.153
1670852227,1.053,0.159
1670852227,1.05,0.146
1670852227,1.054,0.144
1670852227,1.052,0.15
1670852227,1.053,0.152
1670852227,1.053,0.144
1670852227,1.054,0.148
1670852227,1.053,0.148
1670852227,1.053,0.152
1670852227,1.053,0.144
1670852227,1.052,0.157
1670852228,1.054,0.15
1670852228,1.051,0.154
1670852228,1.052,0.147
1670852228,1.048,0.148
1670852228,1.051,0.144
1670852228,1.052,0.148
1670852228,1.048,0.146
1670852228,1.055,0.143
1670852228,1.05,0.147
1670852228,1.054,0.15
1670852228,1.054,0.142
1670852228,1.046,0.15
1670852228,1.049,0.145
1670852228,1.051,0.144
1670852228,1.054,0.147
1670852228,1.053,0.154
1670852228,1.055,0.138
1670852228,1.053,0.147
1670852228,1.053,0.156
1670852228,1.054,0.145
1670852229,1.052,0.147
1670852229,1.054,0.143
1670852229,1.052,0.147
1670852229,1.049,0.15
1670852229,1.052,0.143
1670852229,1.053,0.151
1670852229,1.051,0.15
1670852229,1.051,0.147
1670852229,1.055,0.143
1670852229,1.051,0.151
1670852229,1.054,0.141
1670852229,1.052,0.142
1670852229,1.051,0.144
1670852229,1.052,0.149
1670852229,1.052,0.147
1670852229,1.051,0.149
1670852229,1.051,0.146
1670852229,1.052,0.146
1670852229,1.051,0.143
1670852229,1.049,0.145
1670852230,1.05,0.143
1670852230,1.051,0.135
1670852230,1.054,0.15
1670852230,1.053,0.148
1670852230,1.052,0.151
1670852230,1.051,0.153
1670852230,1.05,0.149
1670852230,1.052,0.151
1670852230,1.058,0.151
1670852230,1.052,0.147
1670852230,1.055,0.146
1670852230,1.055,0.148
1670852230,1.051,0.15
1670852230,1.053,0.145
1670852230,1.051,0.15
1670852230,1.05,0.147
1670852230,1.054,0.148
1670852230,1.052,0.145
1670852230,1.052,0.146
1670852230,1.056,0.158
1670852231,1.057,0.145
1670852231,1.051,0.149
1670852231,1.052,0.148
1670852231,1.051,0.143
1670852231,1.051,0.155
1670852231,1.051,0.147
1670852231,1.051,0.144
1670852231,1.053,0.146
1670852231,1.054,0.145
1670852231,1.058,0.151
1670852231,1.051,0.149
1670852231,1.052,0.141
1670852231,1.053,0.145
1670852231,1.054,0.139
1670852231,1.055,0.143
1670852231,1.052,0.14
1670852231,1.052,0.149
1670852231,1.048,0.149
1670852231,1.053,0.147
1670852231,1.052,0.146
1670852232,1.052,0.147
1670852232,1.05,0.149
1670852232,1.053,0.146
1670852232,1.051,0.15
1670852232,1.053,0.144
1670852232,1.052,0.149
1670852232,1.051,0.142
1670852232,1.055,0.154
1670852232,1.052,0.145
1670852232,1.052,0.152
1670852232,1.052,0.146
1670852232,1.053,0.141
1670852232,1.051,0.141
1670852232,1.051,0.147
1670852232,1.05,0.142
1670852232,1.051,0.142
1670852232,1.05,0.147
1670852232,1.052,0.146
1670852232,1.054,0.148
1670852232,1.051,0.145
1670852233,1.051,0.148
1670852233,1.053,0.138
1670852233,1.052,0.145
1670852233,1.05,0.146
1670852233,1.051,0.146
1670852233,1.055,0.157
1670852233,1.05,0.146
1670852233,1.051,0.14
1670852233,1.052,0.15
1670852233,1.048,0.151
1670852233,1.048,0.144
1670852233,1.053,0.143
1670852233,1.054,0.148
1670852233,1.05,0.149
1670852233,1.051,0.137
1670852233,1.052,0.153
1670852233,1.053,0.14
1670852233,1.049,0.156
1670852233,1.052,0.158
1670852233,1.05,0.145
1670852234,1.052,0.138
1670852234,1.053,0.152
1670852234,1.05,0.143
1670852234,1.052,0.144
1670852234,1.052,0.147
1670852234,1.057,0.144
1670852234,1.056,0.138
1670852234,1.053,0.138
1670852234,1.051,0.138
1670852234,1.052,0.14
1670852234,1.047,0.145
1670852234,1.05,0.138
1670852234,1.054,0.149
1670852234,1.051,0.142
1670852234,1.052,0.146
1670852234,1.052,0.144
1670852234,1.054,0.142
1670852234,1.054,0.143
1670852234,1.052,0.145
1670852234,1.054,0.147
1670852235,1.054,0.148
1670852235,1.054,0.153
1670852235,1.054,0.142
1670852235,1.051,0.147
1670852235,1.054,0.148
1670852235,1.051,0.145
1670852235,1.053,0.148
1670852235,1.052,0.144
1670852235,1.051,0.153
1670852235,1.053,0.144
1670852235,1.056,0.147
1670852235,1.053,0.137
1670852235,1.051,0.153
1670852235,1.046,0.146
1670852235,1.053,0.146
1670852235,1.055,0.152
1670852235,1.049,0.148
1670852235,1.052,0.15
1670852235,1.05,0.15
1670852235,1.053,0.15
1670852236,1.052,0.149
1670852236,1.056,0.148
1670852236,1.051,0.15
1670852236,1.054,0.145
1670852236,1.055,0.143
1670852236,1.054,0.146
1670852236,1.05,0.155
1670852236,1.054,0.149
1670852236,1.053,0.151
1670852236,1.053,0.149
1670852236,1.052,0.146
1670852236,1.054,0.146
1670852236,1.051,0.145
1670852236,1.051,0.148
1670852236,1.053,0.149
1670852236,1.053,0.141
1670852236,1.051,0.146
1670852236,1.052,0.138
1670852236,1.051,0.147
1670852236,1.054,0.154
1670852237,1.05,0.145
1670852237,1.054,0.144
1670852237,1.051,0.147
1670852237,1.049,0.147
1670852237,1.052,0.144
1670852237,1.05,0.144
1670852237,1.051,0.146
1670852237,1.052,0.155
1670852237,1.05,0.145
1670852237,1.055,0.17
1670852237,1.052,0.151
1670852237,1.05,0.166
1670852237,1.054,0.122
1670852237,1.056,0.164
1670852237,1.054,0.156
1670852237,1.049,0.108
1670852237,1.051,0.177
1670852237,1.055,0.144
1670852237,1.053,0.169
1670852237,1.053,0.131
1670852238,1.055,0.152
1670852238,1.05,0.168
1670852238,1.052,0.17
1670852238,1.049,0.157
1670852238,1.051,0.133
1670852238,1.054,0.127
1670852238,1.05,0.121
1670852238,1.053,0.076
1670852238,1.053,0.173
1670852238,1.052,0.181
1670852238,1.053,0.115
1670852238,1.052,0.139
1670852238,1.051,0.157
1670852238,1.053,0.107
1670852238,1.052,0.132
1670852238,1.052,0.149
1670852238,1.056,0.163
1670852238,1.053,0.148
1670852238,1.053,0.135
1670852238,1.052,0.176
1670852239,1.053,0.147
1670852239,1.051,0.127
1670852239,1.051,0.088
1670852239,1.055,0.157
1670852239,1.055,0.117
1670852239,1.051,0.163
1670852239,1.052,0.112
1670852239,1.053,0.2
1670852239,1.052,0.119
1670852239,1.053,0.151
1670852239,1.053,0.119
1670852239,1.054,0.171
1670852239,1.054,0.125
1670852239,1.052,0.128
1670852239,1.05,0.134
1670852239,1.052,0.105
1670852239,1.051,0.138
1670852239,1.053,0.149
1670852239,1.05,0.144
1670852239,1.053,0.158
1670852240,1.055,0.108
1670852240,1.053,0.155
1670852240,1.051,0.108
1670852240,1.051,0.168
1670852240,1.054,0.178
1670852240,1.054,0.16
1670852240,1.052,0.135
1670852240,1.056,0.191
1670852240,1.051,0.14
1670852240,1.052,0.184
1670852240,1.051,0.116
1670852240,1.05,0.1
1670852240,1.053,0.156
1670852240,1.05,0.054
1670852240,1.052,0.12
1670852240,1.052,0.146
1670852240,1.054,0.173
1670852240,1.053,0.153
1670852240,1.053,0.134
1670852240,1.051,0.113
1670852241,1.054,0.153
1670852241,1.052,0.153
1670852241,1.053,0.178
1670852241,1.049,0.121
1670852241,1.054,0.157
1670852241,1.053,0.187
1670852241,1.049,0.087
1670852241,1.048,0.159
1670852241,1.049,0.176
1670852241,1.052,0.167
1670852241,1.054,0.158
1670852241,1.052,0.127
1670852241,1.053,0.095
1670852241,1.049,0.108
1670852241,1.054,0.2
1670852241,1.056,0.153
1670852241,1.05,0.089
1670852241,1.051,0.102
1670852241,1.05,0.16
1670852241,1.047,0.065
1670852242,1.055,0.213
1670852242,1.053,0.158
1670852242,1.05,0.066
1670852242,1.052,0.122
1670852242,1.054,0.131
1670852242,1.048,0.117
1670852242,1.052,0.158
1670852242,1.052,0.176
1670852242,1.05,0.152
1670852242,1.049,0.144
1670852242,1.053,0.16
1670852242,1.053,0.153
1670852242,1.052,0.144
1670852242,1.05,0.151
1670852242,1.051,0.145
1670852242,1.052,0.139
1670852242,1.053,0.133
1670852242,1.051,0.139
1670852242,1.052,0.113
1670852242,1.053,0.144
1670852243,1.051,0.125
1670852243,1.051,0.158
1670852243,1.049,0.119
1670852243,1.052,0.152
1670852243,1.053,0.146
1670852243,1.05,0.152
1670852243,1.052,0.14
1670852243,1.052,0.139
1670852243,1.048,0.148
1670852243,1.049,0.146
1670852243,1.054,0.151
1670852243,1.05,0.146
1670852243,1.05,0.153
1670852243,1.053,0.156
1670852243,1.05,0.148
1670852243,1.051,0.136
1670852243,1.053,0.145
1670852243,1.052,0.159
1670852243,1.048,0.151
1670852243,1.052,0.142
1670852244,1.05,0.14
1670852244,1.05,0.146
1670852244,1.049,0.146
1670852244,1.049,0.149
1670852244,1.051,0.147
1670852244,1.046,0.149
1670852244,1.051,0.137
1670852244,1.049,0.143
1670852244,1.05,0.148
1670852244,1.052,0.147
1670852244,1.052,0.146
1670852244,1.05,0.156
1670852244,1.05,0.141
1670852244,1.049,0.143
1670852244,1.053,0.146
1670852244,1.048,0.15
1670852244,1.049,0.151
1670852244,1.05,0.148
1670852244,1.051,0.146
1670852244,1.051,0.146
1670852245,1.051,0.14
1670852245,1.05,0.148
1670852245,1.049,0.139
1670852245,1.05,0.146
1670852245,1.051,0.143
1670852245,1.051,0.147
1670852245,1.053,0.144
1670852245,1.052,0.15
1670852245,1.049,0.149
1670852245,1.051,0.141
1670852245,1.055,0.151
1670852245,1.049,0.14
1670852245,1.051,0.143
1670852245,1.05,0.141
1670852245,1.05,0.145
1670852245,1.05,0.146
1670852245,1.052,0.15
1670852245,1.053,0.152
1670852245,1.05,0.15
1670852245,1.052,0.147
1670852246,1.054,0.154
1670852246,1.052,0.149
1670852246,1.055,0.148
1670852246,1.05,0.15
1670852246,1.053,0.148
1670852246,1.053,0.148
1670852246,1.054,0.148
1670852246,1.052,0.146
1670852246,1.051,0.152
1670852246,1.053,0.138
1670852246,1.054,0.143
1670852246,1.048,0.153
1670852246,1.049,0.142
1670852246,1.05,0.14
1670852246,1.053,0.147
1670852246,1.053,0.15
1670852246,1.053,0.146
1670852246,1.049,0.144
1670852246,1.05,0.15
1670852246,1.048,0.144
1670852247,1.048,0.143
1670852247,1.05,0.152
1670852247,1.051,0.145
1670852247,1.051,0.146
1670852247,1.05,0.141
1670852247,1.053,0.149
1670852247,1.052,0.144
1670852247,1.052,0.145
1670852247,1.054,0.143
1670852247,1.05,0.151
1670852247,1.05,0.144
1670852247,1.049,0.156
1670852247,1.05,0.147
1670852247,1.051,0.141
1670852247,1.052,0.13
1670852247,1.051,0.151
1670852247,1.049,0.117
1670852247,1.052,0.167
1670852247,1.051,0.143
1670852247,1.049,0.15
1670852248,1.05,0.131
1670852248,1.049,0.163
1670852248,1.052,0.144
1670852248,1.052,0.156
1670852248,1.049,0.13
1670852248,1.05,0.146
1670852248,1.053,0.143
1670852248,1.052,0.144
1670852248,1.051,0.138
1670852248,1.049,0.155
1670852248,1.051,0.15
1670852248,1.049,0.14
1670852248,1.054,0.146
1670852248,1.052,0.144
1670852248,1.053,0.149
1670852248,1.051,0.141
1670852248,1.051,0.143
1670852248,1.05,0.14
1670852248,1.049,0.154
1670852248,1.051,0.142
1670852249,1.053,0.142
1670852249,1.05,0.148
1670852249,1.05,0.149
1670852249,1.053,0.148
1670852249,1.053,0.143
1670852249,1.051,0.142
1670852249,1.049,0.146
1670852249,1.046,0.166
1670852249,1.049,0.151
1670852249,1.052,0.141
1670852249,1.051,0.144
1670852249,1.054,0.146
1670852249,1.053,0.148
1670852249,1.048,0.15
1670852249,1.05,0.143
1670852249,1.053,0.145
1670852249,1.051,0.14
1670852249,1.051,0.146
1670852249,1.051,0.152
1670852249,1.053,0.154
1670852250,1.049,0.146
1670852250,1.053,0.15
1670852250,1.05,0.145
1670852250,1.049,0.15
1670852250,1.05,0.146
1670852250,1.051,0.142
1670852250,1.053,0.15
1670852250,1.052,0.153
1670852250,1.054,0.148
1670852250,1.05,0.153
1670852250,1.051,0.136
1670852250,1.048,0.152
1670852250,1.052,0.144
1670852250,1.054,0.147
1670852250,1.053,0.142
1670852250,1.057,0.143
1670852250,1.05,0.146
1670852250,1.051,0.148
1670852250,1.051,0.148
1670852250,1.049,0.151
1670852251,1.053,0.145
1670852251,1.049,0.154
1670852251,1.052,0.146
1670852251,1.052,0.151
1670852251,1.051,0.143
1670852251,1.051,0.152
1670852251,1.05,0.148
1670852251,1.049,0.142
1670852251,1.044,0.15
1670852251,1.052,0.149
1670852251,1.049,0.149
1670852251,1.049,0.149
1670852251,1.05,0.15
1670852251,1.051,0.14
1670852251,1.051,0.145
1670852251,1.051,0.153
1670852251,1.053,0.149
1670852251,1.052,0.142
1670852251,1.048,0.148
1670852251,1.05,0.131
1670852252,1.051,0.14
1670852252,1.052,0.157
1670852252,1.051,0.15
1670852252,1.052,0.146
1670852252,1.05,0.137
1670852252,1.049,0.146
1670852252,1.049,0.144
1670852252,1.051,0.145
1670852252,1.054,0.15
1670852252,1.046,0.146
1670852252,1.052,0.145
1670852252,1.052,0.148
1670852252,1.048,0.121
1670852252,1.052,0.146
1670852252,1.051,0.173
1670852252,1.053,0.138
1670852252,1.053,0.132
1670852252,1.052,0.127
1670852252,1.048,0.122
1670852252,1.051,0.125
1670852253,1.053,0.136
1670852253,1.048,0.125
1670852253,1.051,0.146
1670852253,1.049,0.11
1670852253,1.047,0.164
1670852253,1.05,0.136
1670852253,1.052,0.141
1670852253,1.048,0.157
1670852253,1.047,0.162
1670852253,1.053,0.013
1670852253,1.052,0.11
1670852253,1.054,0.163
1670852253,1.053,0.2
1670852253,1.048,0.159
1670852253,1.049,0.136
1670852253,1.049,0.164
1670852253,1.046,0.13
1670852253,1.048,0.094
1670852253,1.051,0.157
1670852253,1.05,0.17
1670852254,1.047,0.184
1670852254,1.05,0.124
1670852254,1.048,0.127
1670852254,1.048,0.164
1670852254,1.054,0.169
1670852254,1.048,0.092
1670852254,1.052,0.146
1670852254,1.049,0.117
1670852254,1.05,0.148
1670852254,1.05,0.093
1670852254,1.048,0.146
1670852254,1.051,0.161
1670852254,1.047,0.125
1670852254,1.05,0.13
1670852254,1.047,0.125
1670852254,1.051,0.147
1670852254,1.048,0.135
1670852254,1.046,0.135
1670852254,1.05,0.141
1670852254,1.051,0.129
1670852255,1.049,0.147
1670852255,1.049,0.165
1670852255,1.047,0.175
1670852255,1.052,0.104
1670852255,1.052,0.083
1670852255,1.049,0.121
1670852255,1.053,0.193
1670852255,1.049,0.156
1670852255,1.055,0.149
1670852255,1.053,0.167
1670852255,1.044,0.11
1670852255,1.053,0.186
1670852255,1.05,0.132
1670852255,1.052,0.172
1670852255,1.049,0.148
1670852255,1.046,0.095
1670852255,1.051,0.16
1670852255,1.05,0.123
1670852255,1.051,0.096
1670852255,1.055,0.186
1670852256,1.054,0.127
1670852256,1.055,0.163
1670852256,1.049,0.145
1670852256,1.052,0.165
1670852256,1.049,0.099
1670852256,1.05,0.167
1670852256,1.047,0.153
1670852256,1.054,0.169
1670852256,1.05,0.123
1670852256,1.05,0.163
1670852256,1.049,0.084
1670852256,1.052,0.123
1670852256,1.053,0.206
1670852256,1.052,0.165
1670852256,1.051,0.158
1670852256,1.047,0.154
1670852256,1.05,0.14
1670852256,1.05,0.148
1670852256,1.049,0.167
1670852256,1.051,0.14
1670852257,1.049,0.19
1670852257,1.046,0.058
1670852257,1.053,0.161
1670852257,1.05,0.144
1670852257,1.052,0.147
1670852257,1.048,0.146
1670852257,1.044,0.071
1670852257,1.049,0.104
1670852257,1.05,0.157
1670852257,1.053,0.159
1670852257,1.049,0.1
1670852257,1.05,0.133
1670852257,1.052,0.137
1670852257,1.051,0.147
1670852257,1.053,0.192
1670852257,1.048,0.146
1670852257,1.052,0.157
1670852257,1.048,0.138
1670852257,1.048,0.146
1670852257,1.05,0.133
1670852258,1.051,0.107
1670852258,1.051,0.155
1670852258,1.051,0.146
1670852258,1.05,0.136
1670852258,1.048,0.141
1670852258,1.049,0.164
1670852258,1.048,0.144
1670852258,1.05,0.157
1670852258,1.051,0.152
1670852258,1.05,0.131
1670852258,1.05,0.132
1670852258,1.05,0.146
1670852258,1.054,0.142
1670852258,1.049,0.149
1670852258,1.048,0.146
1670852258,1.048,0.145
1670852258,1.047,0.156
1670852258,1.051,0.144
1670852258,1.053,0.149
1670852258,1.049,0.143
1670852259,1.052,0.156
1670852259,1.048,0.132
1670852259,1.053,0.144
1670852259,1.05,0.148
1670852259,1.052,0.149
1670852259,1.052,0.139
1670852259,1.051,0.144
1670852259,1.051,0.155
1670852259,1.05,0.152
1670852259,1.049,0.144
1670852259,1.051,0.139
1670852259,1.05,0.137
1670852259,1.049,0.144
1670852259,1.05,0.144
1670852259,1.049,0.148
1670852259,1.053,0.144
1670852259,1.051,0.148
1670852259,1.05,0.141
1670852259,1.05,0.141
1670852259,1.051,0.147
1670852260,1.049,0.142
1670852260,1.051,0.147
1670852260,1.051,0.154
1670852260,1.05,0.149
1670852260,1.052,0.143
1670852260,1.049,0.141
1670852260,1.051,0.142
1670852260,1.055,0.141
1670852260,1.05,0.157
1670852260,1.05,0.144
1670852260,1.05,0.148
1670852260,1.048,0.14
1670852260,1.049,0.14
1670852260,1.052,0.148
1670852260,1.046,0.15
1670852260,1.052,0.137
1670852260,1.054,0.144
1670852260,1.05,0.143
1670852260,1.05,0.149
1670852260,1.05,0.147
1670852261,1.05,0.139
1670852261,1.05,0.146
1670852261,1.053,0.148
1670852261,1.048,0.143
1670852261,1.051,0.135
1670852261,1.048,0.149
1670852261,1.053,0.147
1670852261,1.054,0.15
1670852261,1.052,0.144
1670852261,1.05,0.138
1670852261,1.054,0.147
1670852261,1.05,0.151
1670852261,1.049,0.144
1670852261,1.053,0.147
1670852261,1.051,0.146
1670852261,1.053,0.142
1670852261,1.05,0.136
1670852261,1.051,0.147
1670852261,1.05,0.144
1670852261,1.056,0.147
1670852262,1.05,0.145
1670852262,1.049,0.144
1670852262,1.052,0.146
1670852262,1.053,0.135
1670852262,1.049,0.133
1670852262,1.05,0.132
1670852262,1.049,0.14
1670852262,1.05,0.143
1670852262,1.053,0.135
1670852262,1.048,0.147
1670852262,1.053,0.144
1670852262,1.053,0.144
1670852262,1.054,0.135
1670852262,1.05,0.139
1670852262,1.05,0.14
1670852262,1.051,0.138
1670852262,1.05,0.146
1670852262,1.048,0.143
1670852262,1.054,0.146
1670852262,1.051,0.142
1670852263,1.052,0.145
1670852263,1.049,0.138
1670852263,1.051,0.147
1670852263,1.051,0.135
1670852263,1.051,0.139
1670852263,1.048,0.146
1670852263,1.049,0.145
1670852263,1.048,0.147
1670852263,1.051,0.146
1670852263,1.054,0.142
1670852263,1.05,0.145
1670852263,1.055,0.143
1670852263,1.053,0.143
1670852263,1.051,0.154
1670852263,1.051,0.142
1670852263,1.05,0.152
1670852263,1.052,0.145
1670852263,1.052,0.136
1670852263,1.052,0.142
1670852263,1.048,0.142
1670852264,1.048,0.153
1670852264,1.049,0.141
1670852264,1.049,0.14
1670852264,1.05,0.149
1670852264,1.053,0.138
1670852264,1.052,0.146
1670852264,1.052,0.146
1670852264,1.052,0.143
1670852264,1.051,0.149
1670852264,1.052,0.141
1670852264,1.05,0.147
1670852264,1.052,0.141
1670852264,1.048,0.146
1670852264,1.052,0.152
1670852264,1.052,0.146
1670852264,1.051,0.142
1670852264,1.049,0.146
1670852264,1.052,0.148
1670852264,1.049,0.137
1670852264,1.053,0.147
1670852265,1.051,0.145
1670852265,1.051,0.141
1670852265,1.052,0.132
1670852265,1.048,0.135
1670852265,1.047,0.143
1670852265,1.051,0.137
1670852265,1.05,0.148
1670852265,1.05,0.14
1670852265,1.049,0.134
1670852265,1.047,0.147
1670852265,1.047,0.147
1670852265,1.047,0.144
1670852265,1.05,0.145
1670852265,1.044,0.144
1670852265,1.05,0.153
1670852265,1.049,0.139
1670852265,1.048,0.139
1670852265,1.052,0.149
1670852265,1.048,0.144
1670852265,1.054,0.133
1670852266,1.051,0.137
1670852266,1.05,0.14
1670852266,1.047,0.148
1670852266,1.049,0.146
1670852266,1.046,0.141
1670852266,1.05,0.144
1670852266,1.049,0.145
1670852266,1.049,0.144
1670852266,1.051,0.14
1670852266,1.051,0.139
1670852266,1.054,0.146
1670852266,1.051,0.134
1670852266,1.048,0.147
1670852266,1.051,0.146
1670852266,1.054,0.148
1670852266,1.048,0.147
1670852266,1.048,0.146
1670852266,1.049,0.141
1670852266,1.048,0.153
1670852266,1.05,0.147
1670852267,1.05,0.148
1670852267,1.05,0.145
1670852267,1.049,0.142
1670852267,1.047,0.14
1670852267,1.049,0.149
1670852267,1.051,0.143
1670852267,1.049,0.147
1670852267,1.051,0.148
1670852267,1.048,0.137
1670852267,1.048,0.141
1670852267,1.051,0.141
1670852267,1.051,0.145
1670852267,1.047,0.142
1670852267,1.051,0.14
1670852267,1.05,0.146
1670852267,1.055,0.135
1670852267,1.05,0.153
1670852267,1.049,0.142
1670852267,1.05,0.138
1670852267,1.053,0.154
1670852268,1.047,0.134
1670852268,1.051,0.139
1670852268,1.052,0.133
1670852268,1.05,0.122
1670852268,1.047,0.133
1670852268,1.051,0.152
1670852268,1.046,0.144
1670852268,1.051,0.153
1670852268,1.049,0.118
1670852268,1.049,0.144
1670852268,1.054,0.144
1670852268,1.061,0.132
1670852268,1.052,0.148
1670852268,1.049,0.152
1670852268,1.052,0.11
1670852268,1.049,0.144
1670852268,1.05,0.117
1670852268,1.048,0.116
1670852268,1.049,0.094
1670852268,1.051,0.168
1670852269,1.051,0.135
1670852269,1.051,0.143
1670852269,1.05,0.102
1670852269,1.051,0.146
1670852269,1.048,0.128
1670852269,1.049,0.216
1670852269,1.051,0.189
1670852269,1.053,0.149
1670852269,1.048,0.136
1670852269,1.049,0.148
1670852269,1.046,0.11
1670852269,1.048,0.149
1670852269,1.048,0.114
1670852269,1.049,0.105
1670852269,1.047,0.114
1670852269,1.051,0.153
1670852269,1.049,0.151
1670852269,1.05,0.197
1670852269,1.055,0.172
1670852269,1.051,0.163
1670852270,1.049,0.144
1670852270,1.048,0.123
1670852270,1.049,0.146
1670852270,1.052,0.153
1670852270,1.051,0.143
1670852270,1.054,0.168
1670852270,1.052,0.146
1670852270,1.051,0.181
1670852270,1.051,0.124
1670852270,1.052,0.148
1670852270,1.048,0.117
1670852270,1.049,0.102
1670852270,1.045,0.087
1670852270,1.049,0.112
1670852270,1.05,0.157
1670852270,1.048,0.154
1670852270,1.052,0.162
1670852270,1.051,0.168
1670852270,1.048,0.159
1670852270,1.048,0.117
1670852271,1.048,0.17
1670852271,1.055,0.146
1670852271,1.052,0.115
1670852271,1.051,0.127
1670852271,1.049,0.115
1670852271,1.049,0.135
1670852271,1.053,0.197
1670852271,1.044,0.118
1670852271,1.05,0.128
1670852271,1.05,0.12
1670852271,1.052,0.149
1670852271,1.048,0.109
1670852271,1.045,0.132
1670852271,1.049,0.113
1670852271,1.051,0.117
1670852271,1.053,0.166
1670852271,1.05,0.135
1670852271,1.05,0.18
1670852271,1.046,0.137
1670852271,1.052,0.181
1670852272,1.051,0.115
1670852272,1.053,0.146
1670852272,1.048,0.15
1670852272,1.046,0.108
1670852272,1.05,0.082
1670852272,1.052,0.147
1670852272,1.049,0.159
1670852272,1.051,0.143
1670852272,1.046,0.087
1670852272,1.049,0.149
1670852272,1.049,0.085
1670852272,1.054,0.195
1670852272,1.05,0.129
1670852272,1.054,0.175
1670852272,1.047,0.061
1670852272,1.049,0.124
1670852272,1.05,0.113
1670852272,1.053,0.172
1670852272,1.048,0.105
1670852272,1.049,0.135
1670852273,1.051,0.161
1670852273,1.048,0.148
1670852273,1.046,0.172
1670852273,1.051,0.141
1670852273,1.048,0.149
1670852273,1.051,0.117
1670852273,1.05,0.14
1670852273,1.048,0.118
1670852273,1.051,0.091
1670852273,1.051,0.113
1670852273,1.05,0.129
1670852273,1.05,0.141
1670852273,1.05,0.143
1670852273,1.049,0.145
1670852273,1.048,0.138
1670852273,1.047,0.139
1670852273,1.049,0.151
1670852273,1.051,0.145
1670852273,1.048,0.137
1670852273,1.051,0.144
1670852274,1.048,0.13
1670852274,1.049,0.138
1670852274,1.05,0.142
1670852274,1.052,0.139
1670852274,1.049,0.14
1670852274,1.044,0.148
1670852274,1.05,0.139
1670852274,1.052,0.141
1670852274,1.05,0.138
1670852274,1.048,0.144
1670852274,1.051,0.137
1670852274,1.05,0.146
1670852274,1.05,0.142
1670852274,1.051,0.136
1670852274,1.046,0.142
1670852274,1.053,0.136
1670852274,1.05,0.143
1670852274,1.051,0.139
1670852274,1.05,0.143
1670852274,1.05,0.136
1670852275,1.049,0.142
1670852275,1.049,0.14
1670852275,1.048,0.141
1670852275,1.047,0.136
1670852275,1.048,0.146
1670852275,1.046,0.139
1670852275,1.051,0.138
1670852275,1.049,0.143
1670852275,1.048,0.143
1670852275,1.047,0.151
1670852275,1.049,0.137
1670852275,1.051,0.14
1670852275,1.047,0.14
1670852275,1.047,0.141
1670852275,1.05,0.146
1670852275,1.047,0.144
1670852275,1.048,0.139
1670852275,1.05,0.151
1670852275,1.05,0.14
1670852275,1.051,0.143
1670852276,1.048,0.148
1670852276,1.049,0.139
1670852276,1.05,0.152
1670852276,1.049,0.142
1670852276,1.048,0.145
1670852276,1.05,0.136
1670852276,1.049,0.143
1670852276,1.048,0.145
1670852276,1.05,0.145
1670852276,1.048,0.137
1670852276,1.047,0.147
1670852276,1.05,0.138
1670852276,1.05,0.14
1670852276,1.049,0.145
1670852276,1.047,0.139
1670852276,1.05,0.145
1670852276,1.05,0.139
1670852276,1.051,0.141
1670852276,1.049,0.146
1670852276,1.049,0.134
1670852277,1.048,0.15
1670852277,1.05,0.143
1670852277,1.048,0.142
1670852277,1.047,0.14
1670852277,1.049,0.137
1670852277,1.049,0.144
1670852277,1.051,0.143
1670852277,1.047,0.149
1670852277,1.047,0.148
1670852277,1.051,0.146
1670852277,1.05,0.154
1670852277,1.048,0.143
1670852277,1.055,0.137
1670852277,1.05,0.145
1670852277,1.048,0.139
1670852277,1.05,0.141
1670852277,1.051,0.143
1670852277,1.048,0.142
1670852277,1.05,0.143
1670852277,1.046,0.137
1670852278,1.053,0.14
1670852278,1.048,0.139
1670852278,1.049,0.145
1670852278,1.048,0.148
1670852278,1.051,0.141
1670852278,1.05,0.141
1670852278,1.048,0.152
1670852278,1.051,0.13
1670852278,1.053,0.158
1670852278,1.047,0.109
1670852278,1.049,0.185
1670852278,1.05,0.144
1670852278,1.044,0.133
1670852278,1.052,0.154
1670852278,1.048,0.13
1670852278,1.048,0.135
1670852278,1.048,0.147
1670852278,1.047,0.135
1670852278,1.048,0.135
1670852278,1.05,0.153
1670852279,1.051,0.138
1670852279,1.052,0.147
1670852279,1.05,0.135
1670852279,1.049,0.14
1670852279,1.05,0.143
1670852279,1.05,0.144
1670852279,1.041,0.14
1670852279,1.049,0.145
1670852279,1.051,0.142
1670852279,1.051,0.146
1670852279,1.048,0.142
1670852279,1.046,0.148
1670852279,1.051,0.143
1670852279,1.05,0.147
1670852279,1.049,0.151
1670852279,1.049,0.147
1670852279,1.048,0.146
1670852279,1.05,0.15
1670852279,1.052,0.148
1670852279,1.05,0.142
1670852280,1.051,0.143
1670852280,1.05,0.143
1670852280,1.049,0.141
1670852280,1.048,0.148
1670852280,1.048,0.145
1670852280,1.048,0.151
1670852280,1.049,0.14
1670852280,1.05,0.142
1670852280,1.048,0.142
1670852280,1.05,0.137
1670852280,1.049,0.139
1670852280,1.05,0.133
1670852280,1.05,0.143
1670852280,1.048,0.144
1670852280,1.048,0.148
1670852280,1.05,0.142
1670852280,1.052,0.143
1670852280,1.05,0.139
1670852280,1.052,0.144
1670852280,1.046,0.146
1670852281,1.05,0.145
1670852281,1.05,0.145
1670852281,1.051,0.142
1670852281,1.053,0.146
1670852281,1.05,0.141
1670852281,1.047,0.144
1670852281,1.051,0.14
1670852281,1.047,0.169
1670852281,1.049,0.143
1670852281,1.049,0.138
1670852281,1.051,0.152
1670852281,1.05,0.142
1670852281,1.052,0.146
1670852281,1.048,0.141
1670852281,1.047,0.149
1670852281,1.051,0.147
1670852281,1.049,0.142
1670852281,1.049,0.144
1670852281,1.047,0.142
1670852281,1.05,0.144
1670852282,1.047,0.139
1670852282,1.05,0.141
1670852282,1.252,0.144
1670852282,2.489,0.142
1670852282,2.487,0.143
1670852282,2.487,0.145
1670852282,2.486,0.137
1670852282,2.484,0.145
1670852282,2.489,0.146
1670852282,2.488,0.143
1670852282,2.488,0.14
1670852282,2.489,0.144
1670852282,2.487,0.144
1670852282,2.489,0.143
1670852282,2.488,0.148
1670852282,2.488,0.145
1670852282,2.488,0.134
1670852282,2.484,0.134
1670852282,2.489,0.143
1670852282,1.74,0.147
1670852283,1.05,0.141
1670852283,1.048,0.135
1670852283,1.048,6.679
1670852283,1.051,8.294
1670852283,1.053,8.29
1670852283,1.049,8.3
1670852283,1.047,8.291
1670852283,1.05,8.292
1670852283,1.056,8.316
1670852283,1.051,8.298
1670852283,1.049,8.301
1670852283,1.048,8.291
1670852283,1.049,8.292
1670852283,1.051,8.299
1670852283,1.049,8.295
1670852283,1.047,8.297
1670852283,1.049,8.295
1670852283,1.049,8.294
1670852283,1.048,3.241
1670852283,1.051,0.13
1670852284,1.047,0.107
1670852284,1.051,0.165
1670852284,1.052,0.12
1670852284,1.051,0.122
1670852284,1.049,0.142
1670852284,1.049,0.092
1670852284,1.05,0.188
1670852284,1.048,0.066
1670852284,1.05,0.074
1670852284,1.05,0.168
1670852284,1.051,0.161
1670852284,1.048,0.14
1670852284,1.049,0.113
1670852284,1.051,0.117
1670852284,1.052,0.159
1670852284,1.049,0.111
1670852284,1.053,0.147
1670852284,1.048,0.151
1670852284,1.049,0.124
1670852284,1.049,0.104
1670852285,2.117,0.155
1670852285,2.492,0.126
1670852285,2.486,0.151
1670852285,2.493,0.159
1670852285,2.495,0.199
1670852285,2.492,0.13
1670852285,2.492,0.151
1670852285,2.492,0.146
1670852285,2.487,0.14
1670852285,2.484,0.223
1670852285,2.484,0.139
1670852285,2.488,0.191
1670852285,2.484,0.113
1670852285,2.488,0.113
1670852285,2.316,0.158
1670852285,1.048,0.184
1670852285,1.054,0.179
1670852285,1.05,0.141
1670852285,1.05,0.169
1670852285,1.048,4.404
1670852286,1.048,8.292
1670852286,1.05,8.288
1670852286,1.047,8.296
1670852286,1.052,8.294
1670852286,1.048,8.283
1670852286,2.457,8.299
1670852286,2.49,8.291
1670852286,2.489,8.296
1670852286,2.486,8.301
1670852286,2.49,8.291
1670852286,2.491,8.29
1670852286,2.489,8.288
1670852286,2.487,8.299
1670852286,2.492,1.939
1670852286,2.489,0.131
1670852286,2.489,0.161
1670852286,2.49,0.164
1670852286,2.49,0.123
1670852286,1.104,0.122
1670852286,1.048,0.139
1670852287,1.048,0.161
1670852287,1.05,0.124
1670852287,1.049,0.137
1670852287,1.053,0.165
1670852287,1.051,6.355
1670852287,1.046,8.299
1670852287,1.048,8.29
1670852287,1.047,8.304
1670852287,1.044,8.29
1670852287,1.046,8.292
1670852287,1.06,8.292
1670852287,1.05,8.301
1670852287,1.045,8.293
1670852287,1.047,8.301
1670852287,1.048,8.301
1670852287,1.046,8.287
1670852287,1.048,3.081
1670852287,1.049,0.161
1670852287,1.053,0.22
1670852287,1.05,0.167
1670852288,1.048,0.108
1670852288,1.046,0.115
1670852288,1.046,0.123
1670852288,1.05,0.175
1670852288,1.047,0.158
1670852288,1.048,0.103
1670852288,1.051,0.155
1670852288,1.051,0.157
1670852288,1.052,0.171
1670852288,1.049,0.138
1670852288,1.046,0.136
1670852288,1.046,0.127
1670852288,1.049,0.126
1670852288,1.049,0.157
1670852288,1.054,0.14
1670852288,1.051,0.137
1670852288,1.05,0.161
1670852288,1.052,0.125
1670852288,1.051,0.144
1670852288,1.05,0.133
1670852289,1.046,0.144
1670852289,1.052,0.142
1670852289,1.049,0.137
1670852289,1.05,0.135
1670852289,1.049,0.145
1670852289,1.05,0.139
1670852289,1.047,0.143
1670852289,1.049,0.139
1670852289,1.049,0.137
1670852289,1.051,0.145
1670852289,1.052,0.14
1670852289,1.05,0.134
1670852289,1.047,0.143
1670852289,1.048,0.144
1670852289,1.049,0.149
1670852289,1.048,0.146
1670852289,1.051,0.149
1670852289,1.051,0.136
1670852289,1.053,0.141
1670852289,1.051,0.142
1670852290,1.049,0.143
1670852290,1.047,0.138
1670852290,1.049,0.136
1670852290,1.049,0.132
1670852290,1.048,0.14
1670852290,1.05,0.14
1670852290,1.05,0.153
1670852290,1.046,0.14
1670852290,1.05,0.136
1670852290,1.05,0.143
1670852290,1.049,0.141
1670852290,1.048,0.143
1670852290,1.048,0.143
1670852290,1.051,0.142
1670852290,1.05,0.147
1670852290,1.052,0.143
1670852290,1.047,0.139
1670852290,1.051,0.145
1670852290,1.048,0.142
1670852290,1.048,0.138
1670852291,1.05,0.144
1670852291,1.052,0.147
1670852291,1.05,0.147
1670852291,1.049,0.134
1670852291,1.05,0.154
1670852291,1.051,0.14
1670852291,1.052,0.143
1670852291,1.05,0.146
1670852291,1.051,0.146
1670852291,1.048,0.134
1670852291,1.047,0.144
1670852291,1.049,0.149
1670852291,1.047,0.144
1670852291,1.046,0.138
1670852291,1.049,0.139
1670852291,1.048,0.14
1670852291,1.047,0.137
1670852291,1.051,0.15
1670852291,1.051,0.143
1670852291,1.046,0.143
1670852292,1.046,0.139
1670852292,1.048,0.148
1670852292,1.05,0.146
1670852292,1.045,0.146
1670852292,1.046,0.136
1670852292,1.046,0.146
1670852292,1.05,0.15
1670852292,1.047,0.139
1670852292,1.049,0.14
1670852292,1.049,0.13
1670852292,1.045,0.14
1670852292,1.049,0.139
1670852292,1.051,0.146
1670852292,1.051,0.151
1670852292,1.049,0.142
1670852292,1.048,0.144
1670852292,1.05,0.141
1670852292,1.051,0.141
1670852292,1.051,0.136
1670852292,1.048,0.142
1670852293,1.049,0.147
1670852293,1.049,0.146
1670852293,1.048,0.144
1670852293,1.048,0.146
1670852293,1.048,0.134
1670852293,1.047,0.137
1670852293,1.053,0.139
1670852293,1.046,0.147
1670852293,1.05,0.14
1670852293,1.047,0.143
1670852293,1.046,0.136
1670852293,1.048,0.142
1670852293,1.048,0.136
1670852293,1.051,0.142
1670852293,1.048,0.14
1670852293,1.047,0.143
1670852293,1.048,0.151
1670852293,1.05,0.136
1670852293,1.046,0.142
1670852293,1.051,0.149
1670852294,1.047,0.151
1670852294,1.048,0.134
1670852294,1.049,0.147
1670852294,1.05,0.149
1670852294,1.049,0.135
1670852294,1.05,0.151
1670852294,1.051,0.145
1670852294,1.052,0.141
1670852294,1.05,0.136
1670852294,1.047,0.144
1670852294,1.047,0.139
1670852294,1.049,0.133
1670852294,1.049,0.142
1670852294,1.049,0.143
1670852294,1.048,0.133
1670852294,1.048,0.136
1670852294,1.049,0.138
1670852294,1.046,0.138
1670852294,1.047,0.142
1670852294,1.049,0.134
1670852295,1.05,0.149
1670852295,1.049,0.144
1670852295,1.049,0.141
1670852295,1.049,0.139
1670852295,1.047,0.14
1670852295,1.051,0.138
1670852295,1.05,0.139
1670852295,1.046,0.143
1670852295,1.049,0.145
1670852295,1.053,0.137
1670852295,1.047,0.136
1670852295,1.049,0.142
1670852295,1.049,0.136
1670852295,1.046,0.143
1670852295,1.049,0.137
1670852295,1.049,0.144
1670852295,1.049,0.137
1670852295,1.047,0.138
1670852295,1.046,0.141
1670852295,1.049,0.138
1670852296,1.049,0.138
1670852296,1.049,0.14
1670852296,1.049,0.139
1670852296,1.046,0.146
1670852296,1.046,0.14
1670852296,1.047,0.135
1670852296,1.048,0.146
1670852296,1.049,0.136
1670852296,1.048,0.145
1670852296,1.043,0.139
1670852296,1.05,0.139
1670852296,1.05,0.139
1670852296,1.051,0.141
1670852296,1.05,0.143
1670852296,1.049,0.139
1670852296,1.047,0.154
1670852296,1.049,0.135
1670852296,1.046,0.139
1670852296,1.049,0.143
1670852296,1.053,0.141
1670852297,1.049,0.143
1670852297,1.048,0.146
1670852297,1.05,0.134
1670852297,1.047,0.133
1670852297,1.05,0.133
1670852297,1.05,0.139
1670852297,1.051,0.133
1670852297,1.051,0.14
1670852297,1.049,0.139
1670852297,1.048,0.149
1670852297,1.047,0.144
1670852297,1.048,0.141
1670852297,1.047,0.133
1670852297,1.048,0.141
1670852297,1.048,0.148
1670852297,1.053,0.138
1670852297,1.047,0.142
1670852297,1.049,0.145
1670852297,1.048,0.136
1670852297,1.048,0.135
1670852298,1.049,0.137
1670852298,1.051,0.141
1670852298,1.048,0.141
1670852298,1.051,0.139
1670852298,1.049,0.142
1670852298,1.05,0.146
1670852298,1.05,0.136
1670852298,1.048,0.123
1670852298,1.051,0.136
1670852298,1.05,0.135
1670852298,1.047,0.149
1670852298,1.048,0.138
1670852298,1.049,0.155
1670852298,1.052,0.156
1670852298,1.05,0.133
1670852298,1.046,0.155
1670852298,1.047,0.147
1670852298,1.048,0.141
1670852298,1.051,0.137
1670852298,1.05,0.154
1670852299,1.046,0.152
1670852299,1.046,0.09
1670852299,1.049,0.123
1670852299,1.048,0.112
1670852299,1.048,0.119
1670852299,1.047,0.131
1670852299,1.046,0.115
1670852299,1.046,0.094
1670852299,1.049,0.125
1670852299,1.048,0.088
1670852299,1.046,0.091
1670852299,1.05,0.139
1670852299,1.047,0.091
1670852299,1.051,0.167
1670852299,1.048,0.124
1670852299,1.05,0.133
1670852299,1.052,0.151
1670852299,1.047,0.12
1670852299,1.05,0.145
1670852299,1.05,0.171
1670852300,1.051,0.141
1670852300,1.05,0.123
1670852300,1.048,0.172
1670852300,1.05,0.152
1670852300,1.049,0.137
1670852300,1.051,0.137
1670852300,1.048,0.111
1670852300,1.045,0.124
1670852300,1.048,0.135
1670852300,1.047,0.13
1670852300,1.048,0.124
1670852300,1.046,0.151
1670852300,1.047,0.133
1670852300,1.049,0.172
1670852300,1.049,0.149
1670852300,1.048,0.122
1670852300,1.05,0.167
1670852300,1.048,0.153
1670852300,1.049,0.173
1670852300,1.048,0.145
1670852301,1.047,0.152
1670852301,1.048,0.168
1670852301,1.047,0.112
1670852301,1.047,0.127
1670852301,1.044,0.096
1670852301,1.049,0.137
1670852301,1.048,0.106
1670852301,1.049,0.161
1670852301,1.047,0.062
1670852301,1.05,0.159
1670852301,1.051,0.12
1670852301,1.049,0.166
1670852301,1.048,0.157
1670852301,1.05,0.156
1670852301,1.049,0.175
1670852301,1.05,0.105
1670852301,1.051,0.174
1670852301,1.046,0.145
1670852301,1.049,0.117
1670852301,1.05,0.144
1670852302,1.048,0.109
1670852302,1.051,0.137
1670852302,1.048,0.129
1670852302,1.05,0.207
1670852302,1.048,0.123
1670852302,1.048,0.134
1670852302,1.047,0.119
1670852302,1.049,0.13
1670852302,1.048,0.075
1670852302,1.051,0.151
1670852302,1.048,0.136
1670852302,1.047,0.117
1670852302,1.049,0.122
1670852302,1.052,0.133
1670852302,1.049,0.139
1670852302,1.051,0.199
1670852302,1.051,0.133
1670852302,1.051,0.145
1670852302,1.048,0.106
1670852302,1.046,0.128
1670852303,1.048,0.151
1670852303,1.051,0.138
1670852303,1.049,0.14
1670852303,1.05,0.145
1670852303,1.05,0.199
1670852303,1.05,0.141
1670852303,1.051,0.187
1670852303,1.052,0.136
1670852303,1.047,0.134
1670852303,1.049,0.172
1670852303,1.049,0.128
1670852303,1.051,0.142
1670852303,1.052,0.153
1670852303,1.05,0.154
1670852303,1.049,0.129
1670852303,1.048,0.139
1670852303,1.051,0.142
1670852303,1.05,0.165
1670852303,1.045,0.09
1670852303,1.048,0.133
1670852304,1.046,0.129
1670852304,1.051,0.142
1670852304,1.048,0.133
1670852304,1.051,0.17
1670852304,1.052,0.131
1670852304,1.049,0.132
1670852304,1.051,0.168
1670852304,1.047,0.13
1670852304,1.049,0.142
1670852304,1.049,0.144
1670852304,1.051,0.131
1670852304,1.052,0.145
1670852304,1.052,0.136
1670852304,1.05,0.143
1670852304,1.05,0.142
1670852304,1.049,0.147
1670852304,1.051,0.135
1670852304,1.051,0.132
1670852304,1.055,0.14
1670852304,1.049,0.134
1670852305,1.047,0.138
1670852305,1.051,0.138
1670852305,1.051,0.144
1670852305,1.05,0.142
1670852305,1.048,0.139
1670852305,1.051,0.142
1670852305,1.05,0.137
1670852305,1.052,0.146
1670852305,1.047,0.143
1670852305,1.048,0.136
1670852305,1.047,0.139
1670852305,1.048,0.143
1670852305,1.049,0.147
1670852305,1.049,0.139
1670852305,1.049,0.14
1670852305,1.048,0.135
1670852305,1.048,0.144
1670852305,1.051,0.137
1670852305,1.048,0.133
1670852305,1.048,0.136
1670852306,1.049,0.134
1670852306,1.054,0.138
1670852306,1.049,0.143
1670852306,1.051,0.136
1670852306,1.048,0.143
1670852306,1.048,0.142
1670852306,1.049,0.14
1670852306,1.049,0.14
1670852306,1.048,0.145
1670852306,1.049,0.137
1670852306,1.049,0.139
1670852306,1.05,0.133
1670852306,1.05,0.135
1670852306,1.049,0.135
1670852306,1.05,0.137
1670852306,1.05,0.134
1670852306,1.048,0.144
1670852306,1.052,0.144
1670852306,1.048,0.147
1670852306,1.048,0.137
1670852307,1.045,0.14
1670852307,1.051,0.139
1670852307,1.049,0.14
1670852307,1.05,0.141
1670852307,1.051,0.143
1670852307,1.047,0.138
1670852307,1.048,0.139
1670852307,1.049,0.14
1670852307,1.047,0.138
1670852307,1.047,0.126
1670852307,1.05,0.134
1670852307,1.047,0.142
1670852307,1.047,0.136
1670852307,1.051,0.139
1670852307,1.048,0.141
1670852307,1.048,0.138
1670852307,1.049,0.138
1670852307,1.048,0.139
1670852307,1.049,0.146
1670852307,1.048,0.137
1670852308,1.05,0.141
1670852308,1.049,0.132
1670852308,1.052,0.139
1670852308,1.05,0.137
1670852308,1.051,0.145
1670852308,1.047,0.141
1670852308,1.049,0.135
1670852308,1.043,0.142
1670852308,1.051,0.133
1670852308,1.048,0.136
1670852308,1.051,0.143
1670852308,1.052,0.141
1670852308,1.05,0.134
1670852308,1.05,0.137
1670852308,1.05,0.142
1670852308,1.048,0.145
1670852308,1.048,0.139
1670852308,1.049,0.138
1670852308,1.052,0.129
1670852308,1.048,0.144
1670852309,1.048,0.145
1670852309,1.047,0.156
1670852309,1.047,0.116
1670852309,1.046,0.146
1670852309,1.046,0.136
1670852309,1.049,0.147
1670852309,1.047,0.132
1670852309,1.048,0.144
1670852309,1.044,0.132
1670852309,1.051,0.139
1670852309,1.044,0.136
1670852309,1.049,0.144
1670852309,1.048,0.124
1670852309,1.048,0.137
1670852309,1.047,0.14
1670852309,1.05,0.133
1670852309,1.047,0.134
1670852309,1.048,0.14
1670852309,1.048,0.135
1670852309,1.045,0.136
1670852310,1.05,0.149
1670852310,1.05,0.139
1670852310,1.043,0.142
1670852310,1.046,0.141
1670852310,1.045,0.149
1670852310,1.046,0.134
1670852310,1.05,0.136
1670852310,1.047,0.138
1670852310,1.048,0.139
1670852310,1.048,0.138
1670852310,1.044,0.142
1670852310,1.046,0.131
1670852310,1.048,0.144
1670852310,1.048,0.133
1670852310,1.05,0.143
1670852310,1.05,0.137
1670852310,1.044,0.14
1670852310,1.051,0.137
1670852310,1.049,0.139
1670852310,1.05,0.146
1670852311,1.047,0.136
1670852311,1.045,0.139
1670852311,1.05,0.139
1670852311,1.046,0.148
1670852311,1.049,0.138
1670852311,1.047,0.14
1670852311,1.049,0.128
1670852311,1.047,0.138
1670852311,1.047,0.143
1670852311,1.048,0.135
1670852311,1.042,0.14
1670852311,1.049,0.141
1670852311,1.048,0.136
1670852311,1.046,0.14
1670852311,1.047,0.134
1670852311,1.048,0.145
1670852311,1.043,0.136
1670852311,1.048,0.139
1670852311,1.05,0.148
1670852311,1.05,0.137
1670852312,1.049,0.14
1670852312,1.046,0.13
1670852312,1.047,0.135
1670852312,1.049,0.129
1670852312,1.049,0.139
1670852312,1.051,0.138
1670852312,1.047,0.136
1670852312,1.051,0.141
1670852312,1.046,0.137
1670852312,1.047,0.145
1670852312,1.048,0.138
1670852312,1.047,0.137
1670852312,1.047,0.135
1670852312,1.048,0.142
1670852312,1.046,0.142
1670852312,1.047,0.141
1670852312,1.047,0.141
1670852312,1.048,0.141
1670852312,1.046,0.142
1670852312,1.046,0.136
1670852313,1.048,0.14
1670852313,1.047,0.141
1670852313,1.047,0.141
1670852313,1.047,0.138
1670852313,1.047,0.138
1670852313,1.045,0.143
1670852313,1.047,0.143
1670852313,1.04,0.151
1670852313,1.048,0.137
1670852313,1.047,0.136
1670852313,1.046,0.13
1670852313,1.047,0.144
1670852313,1.048,0.138
1670852313,1.047,0.134
1670852313,1.049,0.142
1670852313,1.048,0.139
1670852313,1.046,0.132
1670852313,1.048,0.143
1670852313,1.049,0.136
1670852313,1.047,0.139
1670852314,1.046,0.139
1670852314,1.046,0.144
1670852314,1.051,0.132
1670852314,1.05,0.138
1670852314,1.047,0.169
1670852314,1.048,0.137
1670852314,1.046,0.133
1670852314,1.048,0.135
1670852314,1.043,0.129
1670852314,1.048,0.127
1670852314,1.045,0.151
1670852314,1.045,0.179
1670852314,1.045,0.111
1670852314,1.047,0.164
1670852314,1.048,0.145
1670852314,1.05,0.164
1670852314,1.048,0.162
1670852314,1.05,0.185
1670852314,1.047,0.151
1670852314,1.046,0.156
1670852315,1.045,0.119
1670852315,1.047,0.176
1670852315,1.047,0.141
1670852315,1.051,0.184
1670852315,1.046,0.166
1670852315,1.045,0.166
1670852315,1.044,0.107
1670852315,1.049,0.205
1670852315,1.046,0.112
1670852315,1.048,0.133
1670852315,1.05,0.156
1670852315,1.048,0.134
1670852315,1.052,0.134
1670852315,1.045,0.145
1670852315,1.049,0.115
1670852315,1.047,0.13
1670852315,1.042,0.112
1670852315,1.048,0.151
1670852315,1.047,0.136
1670852315,1.048,0.141
1670852316,1.044,0.151
1670852316,1.048,0.088
1670852316,1.048,0.145
1670852316,1.048,0.11
1670852316,1.047,0.135
1670852316,1.046,0.165
1670852316,1.046,0.139
1670852316,1.046,0.134
1670852316,1.049,0.11
1670852316,1.049,0.112
1670852316,1.05,0.161
1670852316,1.047,0.098
1670852316,1.049,0.154
1670852316,1.045,0.1
1670852316,1.05,0.105
1670852316,1.045,0.107
1670852316,1.048,0.157
1670852316,1.049,0.143
1670852316,1.047,0.124
1670852316,1.049,0.131
1670852317,1.048,0.135
1670852317,1.046,0.114
1670852317,1.049,0.138
1670852317,1.048,0.157
1670852317,1.048,0.167
1670852317,1.044,0.123
1670852317,1.047,0.129
1670852317,1.045,0.106
1670852317,1.049,0.184
1670852317,1.039,0.002
1670852317,1.048,0.161
1670852317,1.044,0.112
1670852317,1.046,0.13
1670852317,1.046,0.107
1670852317,1.045,0.09
1670852317,1.047,0.158
1670852317,1.044,0.148
1670852317,1.048,0.143
1670852317,1.048,0.124
1670852317,1.048,0.137
1670852318,1.047,0.146
1670852318,1.049,0.214
1670852318,1.048,0.164
1670852318,1.051,0.185
1670852318,1.048,0.102
1670852318,1.048,0.08
1670852318,1.048,0.211
1670852318,1.046,0.151
1670852318,1.051,0.105
1670852318,1.053,0.103
1670852318,1.048,0.142
1670852318,1.048,0.066
1670852318,1.05,0.177
1670852318,1.049,0.122
1670852318,1.046,0.16
1670852318,1.047,0.096
1670852318,1.05,0.151
1670852318,1.048,0.12
1670852318,1.048,0.145
1670852318,1.05,0.14
1670852319,1.05,0.13
1670852319,1.048,0.143
1670852319,1.049,0.128
1670852319,1.045,0.123
1670852319,1.049,0.164
1670852319,1.049,0.152
1670852319,1.048,0.15
1670852319,1.046,0.117
1670852319,1.047,0.168
1670852319,1.05,0.126
1670852319,1.048,0.125
1670852319,1.047,0.139
1670852319,1.05,0.151
1670852319,1.052,0.141
1670852319,1.049,0.13
1670852319,1.049,0.136
1670852319,1.049,0.147
1670852319,1.047,0.142
1670852319,1.05,0.118
1670852319,1.051,0.135
1670852320,1.049,0.141
1670852320,1.05,0.132
1670852320,1.051,0.139
1670852320,1.048,0.139
1670852320,1.047,0.141
1670852320,1.047,0.134
1670852320,1.047,0.134
1670852320,1.048,0.139
1670852320,1.048,0.141
1670852320,1.048,0.143
1670852320,1.046,0.131
1670852320,1.045,0.136
1670852320,1.049,0.148
1670852320,1.048,0.138
1670852320,1.046,0.139
1670852320,1.048,0.144
1670852320,1.049,0.129
1670852320,1.049,0.135
1670852320,1.048,0.139
1670852320,1.048,0.139
1670852321,1.045,0.137
1670852321,1.051,0.135
1670852321,1.048,0.137
1670852321,1.045,0.136
1670852321,1.049,0.144
1670852321,1.045,0.141
1670852321,1.047,0.142
1670852321,1.05,0.146
1670852321,1.047,0.138
1670852321,1.048,0.135
1670852321,1.049,0.136
1670852321,1.047,0.136
1670852321,1.048,0.139
1670852321,1.046,0.139
1670852321,1.044,0.144
1670852321,1.049,0.142
1670852321,1.049,0.145
1670852321,1.049,0.139
1670852321,1.05,0.134
1670852321,1.049,0.142
1670852322,1.048,0.143
1670852322,1.05,0.128
1670852322,1.051,0.136
1670852322,1.047,0.142
1670852322,1.047,0.134
1670852322,1.048,0.139
1670852322,1.053,0.149
1670852322,1.05,0.133
1670852322,1.051,0.143
1670852322,1.049,0.135
1670852322,1.048,0.136
1670852322,1.047,0.138
1670852322,1.049,0.144
1670852322,1.047,0.135
1670852322,1.05,0.14
1670852322,1.048,0.139
1670852322,1.048,0.135
1670852322,1.047,0.136
1670852322,1.047,0.14
1670852322,1.048,0.142
1670852323,1.051,0.149
1670852323,1.048,0.134
1670852323,1.047,0.138
1670852323,1.05,0.141
1670852323,1.048,0.14
1670852323,1.05,0.143
1670852323,1.045,0.143
1670852323,1.049,0.144
1670852323,1.047,0.141
1670852323,1.045,0.134
1670852323,1.049,0.142
1670852323,1.049,0.134
1670852323,1.046,0.135
1670852323,1.047,0.142
1670852323,1.046,0.14
1670852323,1.046,0.136
1670852323,1.048,0.14
1670852323,1.049,0.139
1670852323,1.048,0.138
1670852323,1.045,0.139
1670852324,1.046,0.135
1670852324,1.046,0.134
1670852324,1.048,0.138
1670852324,1.047,0.138
1670852324,1.051,0.14
1670852324,1.046,0.132
1670852324,1.051,0.142
1670852324,1.048,0.142
1670852324,1.046,0.143
1670852324,1.048,0.14
1670852324,1.048,0.134
1670852324,1.047,0.142
1670852324,1.049,0.135
1670852324,1.049,0.137
1670852324,1.047,0.134
1670852324,1.048,0.144
1670852324,1.049,0.145
1670852324,1.048,0.14
1670852324,1.045,0.136
1670852324,1.048,0.135
1670852325,1.051,0.133
1670852325,1.048,0.131
1670852325,1.047,0.137
1670852325,1.047,0.137
1670852325,1.048,0.148
1670852325,1.048,0.134
1670852325,1.048,0.139
1670852325,1.049,0.132
1670852325,1.045,0.139
1670852325,1.049,0.136
1670852325,1.05,0.141
1670852325,1.051,0.138
1670852325,1.048,0.13
1670852325,1.049,0.137
1670852325,1.046,0.132
1670852325,1.047,0.141
1670852325,1.046,0.135
1670852325,1.046,0.139
1670852325,1.049,0.136
1670852325,1.049,0.133
1670852326,1.048,0.132
1670852326,1.05,0.138
1670852326,1.047,0.135
1670852326,1.049,0.142
1670852326,1.049,0.143
1670852326,1.048,0.134
1670852326,1.048,0.13
1670852326,1.047,0.139
1670852326,1.042,0.161
1670852326,1.049,0.137
1670852326,1.05,0.145
1670852326,1.047,0.139
1670852326,1.045,0.138
1670852326,1.047,0.138
1670852326,1.049,0.13
1670852326,1.045,0.137
1670852326,1.049,0.137
1670852326,1.047,0.134
1670852326,1.049,0.142
1670852326,1.05,0.139
1670852327,1.051,0.137
1670852327,1.048,0.141
1670852327,1.045,0.143
1670852327,1.049,0.131
1670852327,1.048,0.138
1670852327,1.046,0.134
1670852327,1.048,0.143
1670852327,1.046,0.137
1670852327,1.045,0.133
1670852327,1.046,0.135
1670852327,1.045,0.143
1670852327,1.046,0.143
1670852327,1.047,0.137
1670852327,1.048,0.128
1670852327,1.047,0.137
1670852327,1.045,0.142
1670852327,1.047,0.147
1670852327,1.046,0.131
1670852327,1.046,0.136
1670852327,1.047,0.138
1670852328,1.048,0.137
1670852328,1.048,0.127
1670852328,1.048,0.143
1670852328,1.046,0.146
1670852328,1.047,0.137
1670852328,1.045,0.133
1670852328,1.049,0.143
1670852328,1.047,0.141
1670852328,1.048,0.136
1670852328,1.048,0.135
1670852328,1.047,0.137
1670852328,1.046,0.132
1670852328,1.049,0.135
1670852328,1.045,0.14
1670852328,1.047,0.137
1670852328,1.047,0.132
1670852328,1.045,0.134
1670852328,1.047,0.139
1670852328,1.046,0.14
1670852328,1.049,0.139
1670852329,1.044,0.136
1670852329,1.049,0.134
1670852329,1.05,0.14
1670852329,1.048,0.124
1670852329,1.046,0.129
1670852329,1.047,0.137
1670852329,1.046,0.134
1670852329,1.049,0.138
1670852329,1.047,0.142
1670852329,1.044,0.153
1670852329,1.046,0.156
1670852329,1.046,0.123
1670852329,1.046,0.156
1670852329,1.048,0.173
1670852329,1.05,0.171
1670852329,1.049,0.132
1670852329,1.047,0.126
1670852329,1.046,0.155
1670852329,1.045,0.115
1670852329,1.045,0.089
1670852330,1.047,0.156
1670852330,1.05,0.155
1670852330,1.049,0.156
1670852330,1.05,0.156
1670852330,1.045,0.142
1670852330,1.048,0.142
1670852330,1.048,0.103
1670852330,1.049,0.131
1670852330,1.043,0.145
1670852330,1.045,0.14
1670852330,1.043,0.113
1670852330,1.047,0.129
1670852330,1.047,0.199
1670852330,1.046,0.115
1670852330,1.051,0.089
1670852330,1.05,0.168
1670852330,1.046,0.129
1670852330,1.046,0.122
1670852330,1.051,0.181
1670852330,1.049,0.141
1670852331,1.047,0.149
1670852331,1.047,0.143
1670852331,1.042,0.127
1670852331,1.046,0.13
1670852331,1.049,0.181
1670852331,1.049,0.09
1670852331,1.046,0.108
1670852331,1.044,0.084
1670852331,1.046,0.13
1670852331,1.045,0.131
1670852331,1.048,0.138
1670852331,1.045,0.131
1670852331,1.045,0.121
1670852331,1.049,0.196
1670852331,1.048,0.171
1670852331,1.048,0.125
1670852331,1.047,0.12
1670852331,1.048,0.112
1670852331,1.045,0.082
1670852331,1.046,0.122
1670852332,1.046,0.123
1670852332,1.048,0.117
1670852332,1.048,0.129
1670852332,1.048,0.115
1670852332,1.047,0.115
1670852332,1.043,0.142
1670852332,1.046,0.156
1670852332,1.051,0.154
1670852332,1.049,0.151
1670852332,1.045,0.118
1670852332,1.046,0.119
1670852332,1.047,0.164
1670852332,1.046,0.11
1670852332,1.047,0.13
1670852332,1.049,0.146
1670852332,1.042,0.091
1670852332,1.046,0.088
1670852332,1.049,0.144
1670852332,1.048,0.14
1670852332,1.049,0.126
1670852333,1.044,0.169
1670852333,1.048,0.167
1670852333,1.044,0.118
1670852333,1.049,0.174
1670852333,1.048,0.17
1670852333,1.049,0.154
1670852333,1.04,0.061
1670852333,1.046,0.166
1670852333,1.049,0.142
1670852333,1.05,0.156
1670852333,1.045,0.116
1670852333,1.046,0.098
1670852333,1.046,0.098
1670852333,1.046,0.106
1670852333,1.051,0.151
1670852333,1.051,0.197
1670852333,1.049,0.162
1670852333,1.045,0.07
1670852333,1.045,0.131
1670852333,1.048,0.145
1670852334,1.044,0.099
1670852334,1.046,0.148
1670852334,1.047,0.168
1670852334,1.048,0.12
1670852334,1.047,0.159
1670852334,1.052,0.148
1670852334,1.046,0.13
1670852334,1.048,0.148
1670852334,1.047,0.149
1670852334,1.051,0.106
1670852334,1.048,0.14
1670852334,1.048,0.143
1670852334,1.047,0.142
1670852334,1.043,0.129
1670852334,1.045,0.139
1670852334,1.048,0.136
1670852334,1.049,0.149
1670852334,1.048,0.119
1670852334,1.047,0.141
1670852334,1.049,0.114
1670852335,1.048,0.16
1670852335,1.047,0.106
1670852335,1.049,0.146
1670852335,1.051,0.135
1670852335,1.044,0.143
1670852335,1.046,0.134
1670852335,1.05,0.139
1670852335,1.045,0.111
1670852335,1.044,0.141
1670852335,1.051,0.135
1670852335,1.05,0.134
1670852335,1.047,0.143
1670852335,1.047,0.135
1670852335,1.044,0.132
1670852335,1.046,0.13
1670852335,1.045,0.141
1670852335,1.043,0.138
1670852335,1.049,0.131
1670852335,1.049,0.134
1670852335,1.049,0.126
1670852336,1.051,0.14
1670852336,1.045,0.13
1670852336,1.049,0.141
1670852336,1.044,0.135
1670852336,1.047,0.149
1670852336,1.047,0.138
1670852336,1.048,0.144
1670852336,1.048,0.139
1670852336,1.045,0.137
1670852336,1.047,0.146
1670852336,1.046,0.14
1670852336,1.047,0.126
1670852336,1.048,0.138
1670852336,1.05,0.133
1670852336,1.046,0.146
1670852336,1.048,0.142
1670852336,1.049,0.135
1670852336,1.048,0.133
1670852336,1.046,0.142
1670852336,1.048,0.138
1670852337,1.048,0.132
1670852337,1.047,0.134
1670852337,1.046,0.135
1670852337,1.048,0.142
1670852337,1.047,0.129
1670852337,1.049,0.141
1670852337,1.046,0.136
1670852337,1.046,0.138
1670852337,1.048,0.146
1670852337,1.044,0.137
1670852337,1.049,0.131
1670852337,1.049,0.136
1670852337,1.049,0.139
1670852337,1.049,0.136
1670852337,1.046,0.136
1670852337,1.049,0.137
1670852337,1.044,0.136
1670852337,1.047,0.137
1670852337,1.046,0.125
1670852337,1.048,0.142
1670852338,1.046,0.136
1670852338,1.047,0.131
1670852338,1.047,0.127
1670852338,1.047,0.137
1670852338,1.047,0.136
1670852338,1.047,0.137
1670852338,1.049,0.135
1670852338,1.046,0.134
1670852338,1.045,0.131
1670852338,1.047,0.131
1670852338,1.048,0.133
1670852338,1.05,0.129
1670852338,1.046,0.136
1670852338,1.047,0.134
1670852338,1.047,0.141
1670852338,1.048,0.138
1670852338,1.047,0.136
1670852338,1.044,0.124
1670852338,1.048,0.119
1670852338,1.047,0.129
1670852339,1.047,0.134
1670852339,1.045,0.137
1670852339,1.05,0.139
1670852339,1.05,0.142
1670852339,1.048,0.135
1670852339,1.047,0.13
1670852339,1.047,0.126
1670852339,1.049,0.141
1670852339,1.046,0.143
1670852339,1.044,0.152
1670852339,1.046,0.137
1670852339,1.051,0.137
1670852339,1.049,0.136
1670852339,1.045,0.128
1670852339,1.043,0.142
1670852339,1.045,0.134
1670852339,1.051,0.176
1670852339,1.05,0.126
1670852339,1.045,0.166
1670852339,1.047,0.118
1670852340,1.046,0.131
1670852340,1.049,0.145
1670852340,1.05,0.142
1670852340,1.048,0.129
1670852340,1.047,0.154
1670852340,1.046,0.134
1670852340,1.044,0.127
1670852340,1.048,0.136
1670852340,1.045,0.132
1670852340,1.044,0.137
1670852340,1.049,0.138
1670852340,1.048,0.134
1670852340,1.044,0.134
1670852340,1.047,0.131
1670852340,1.044,0.135
1670852340,1.054,0.146
1670852340,1.048,0.127
1670852340,1.051,0.13
1670852340,1.049,0.138
1670852340,1.043,0.137
1670852341,1.048,0.137
1670852341,1.046,0.137
1670852341,1.047,0.13
1670852341,1.045,0.131
1670852341,1.047,0.136
1670852341,1.043,0.137
1670852341,1.048,0.135
1670852341,1.046,0.133
1670852341,1.045,0.128
1670852341,1.047,0.126
1670852341,1.047,0.123
1670852341,1.049,0.138
1670852341,1.045,0.141
1670852341,1.048,0.137
1670852341,1.048,0.138
1670852341,1.048,0.138
1670852341,1.044,0.138
1670852341,1.051,0.132
1670852341,1.046,0.139
1670852341,1.045,0.14
1670852342,1.047,0.135
1670852342,1.047,0.133
1670852342,1.049,0.138
1670852342,1.045,0.138
1670852342,1.048,0.133
1670852342,1.046,0.137
1670852342,1.046,0.135
1670852342,1.046,0.131
1670852342,1.046,0.13
1670852342,1.049,0.136
1670852342,1.049,0.139
1670852342,1.853,0.132
1670852342,2.485,0.139
1670852342,2.484,0.134
1670852342,2.485,0.135
1670852342,2.486,0.133
1670852342,2.487,0.127
1670852342,2.486,0.136
1670852342,2.486,0.137
1670852342,2.488,0.132
1670852343,2.484,0.137
1670852343,2.485,0.141
1670852343,2.486,0.137
1670852343,2.485,0.137
1670852343,2.485,0.132
1670852343,2.485,0.13
1670852343,2.486,0.13
1670852343,1.622,0.13
1670852343,1.049,0.141
1670852343,1.046,0.148
1670852343,1.046,3.239
1670852343,1.044,8.277
1670852343,1.045,8.286
1670852343,1.046,8.287
1670852343,1.044,8.281
1670852343,1.046,8.281
1670852343,1.046,8.286
1670852343,1.046,8.278
1670852343,1.045,8.289
1670852343,1.049,8.291
1670852344,1.046,8.282
1670852344,1.046,8.284
1670852344,1.044,8.289
1670852344,1.045,8.284
1670852344,1.047,8.29
1670852344,1.046,8.281
1670852344,1.047,2.06
1670852344,1.048,0.137
1670852344,1.044,0.137
1670852344,1.048,0.139
1670852344,1.047,0.133
1670852344,1.047,0.137
1670852344,1.045,0.137
1670852344,1.05,0.14
1670852344,1.047,0.141
1670852344,1.049,0.133
1670852344,1.045,0.105
1670852344,1.045,0.129
1670852344,1.045,0.133
1670852344,1.045,0.126
1670852345,1.045,0.131
1670852345,1.046,0.124
1670852345,1.047,0.144
1670852345,1.05,0.138
1670852345,1.047,0.165
1670852345,1.045,0.118
1670852345,1.049,0.141
1670852345,1.047,0.11
1670852345,1.045,0.145
1670852345,1.048,0.159
1670852345,1.045,0.108
1670852345,1.709,0.127
1670852345,2.486,0.149
1670852345,2.488,0.128
1670852345,2.485,0.133
1670852345,2.489,0.156
1670852345,2.483,0.123
1670852345,2.488,0.145
1670852345,2.486,0.143
1670852345,2.487,0.167
1670852346,2.486,0.152
1670852346,2.485,0.165
1670852346,2.488,0.142
1670852346,1.652,0.134
1670852346,1.046,0.157
1670852346,1.049,0.105
1670852346,1.044,0.106
1670852346,1.048,0.036
1670852346,1.048,0.153
1670852346,1.044,0.152
1670852346,1.044,0.12
1670852346,1.044,7.843
1670852346,1.046,8.287
1670852346,1.045,8.289
1670852346,1.048,8.28
1670852346,2.224,8.285
1670852346,2.486,8.284
1670852346,2.485,8.289
1670852346,2.487,8.289
1670852346,2.485,8.292
1670852347,2.484,8.283
1670852347,2.486,2.905
1670852347,2.488,0.152
1670852347,2.489,0.177
1670852347,2.487,0.122
1670852347,2.486,0.166
1670852347,2.484,0.104
1670852347,1.54,0.145
1670852347,1.05,0.25
1670852347,1.049,0.14
1670852347,1.042,0.153
1670852347,1.049,0.164
1670852347,1.049,0.143
1670852347,1.044,0.095
1670852347,1.047,4.229
1670852347,1.047,8.28
1670852347,1.046,8.283
1670852347,1.043,8.281
1670852347,1.043,8.286
1670852347,1.047,8.285
1670852348,1.047,8.289
1670852348,1.047,8.291
1670852348,1.048,8.295
1670852348,1.043,8.273
1670852348,1.046,8.281
1670852348,1.042,4.847
1670852348,1.048,0.105
1670852348,1.044,0.135
1670852348,1.048,0.143
1670852348,1.049,0.113
1670852348,1.046,0.128
1670852348,1.046,0.124
1670852348,1.047,0.127
1670852348,1.045,0.101
1670852348,1.044,0.094
1670852348,1.047,0.148
1670852348,1.046,0.182
1670852348,1.046,0.107
1670852348,1.049,0.116
1670852348,1.049,0.161
1670852349,1.044,0.099
1670852349,1.045,0.165
1670852349,1.044,0.126
1670852349,1.049,0.188
1670852349,1.045,0.124
1670852349,1.048,0.137
1670852349,1.044,0.149
1670852349,1.047,0.083
1670852349,1.046,0.141
1670852349,1.043,0.13
1670852349,1.046,0.064
1670852349,1.05,0.122
1670852349,1.047,0.132
1670852349,1.045,0.099
1670852349,1.047,0.095
1670852349,1.044,0.127
1670852349,1.048,0.162
1670852349,1.045,0.113
1670852349,1.048,0.13
1670852349,1.045,0.13
1670852350,1.046,0.16
1670852350,1.045,0.112
1670852350,1.044,0.128
1670852350,1.042,0.101
1670852350,1.046,0.153
1670852350,1.042,0.126
1670852350,1.043,0.168
1670852350,1.042,0.148
1670852350,1.044,0.16
1670852350,1.045,0.131
1670852350,1.048,0.142
1670852350,1.043,0.144
1670852350,1.044,0.13
1670852350,1.044,0.134
1670852350,1.046,0.149
1670852350,1.045,0.139
1670852350,1.048,0.134
1670852350,1.048,0.141
1670852350,1.047,0.131
1670852350,1.046,0.136
1670852351,1.049,0.14
1670852351,1.044,0.132
1670852351,1.048,0.136
1670852351,1.046,0.133
1670852351,1.046,0.134
1670852351,1.047,0.139
1670852351,1.047,0.134
1670852351,1.047,0.14
1670852351,1.046,0.145
1670852351,1.046,0.143
1670852351,1.044,0.134
1670852351,1.046,0.14
1670852351,1.045,0.135
1670852351,1.046,0.128
1670852351,1.049,0.138
1670852351,1.047,0.138
1670852351,1.048,0.137
1670852351,1.041,0.134
1670852351,1.045,0.138
1670852351,1.044,0.137
1670852352,1.045,0.143
1670852352,1.047,0.14
1670852352,1.045,0.135
1670852352,1.046,0.136
1670852352,1.049,0.133
1670852352,1.048,0.14
1670852352,1.044,0.139
1670852352,1.047,0.133
1670852352,1.05,0.125
1670852352,1.047,0.134
1670852352,1.047,0.133
1670852352,1.047,0.135
1670852352,1.048,0.137
1670852352,1.047,0.134
1670852352,1.046,0.137
1670852352,1.048,0.142
1670852352,1.047,0.135
1670852352,1.046,0.143
1670852352,1.044,0.14
1670852352,1.044,0.142
1670852353,1.044,0.143
1670852353,1.043,0.131
1670852353,1.047,0.137
1670852353,1.044,0.141
1670852353,1.048,0.141
1670852353,1.048,0.138
1670852353,1.048,0.134
1670852353,1.045,0.136
1670852353,1.046,0.13
1670852353,1.046,0.138
1670852353,1.043,0.138
1670852353,1.044,0.135
1670852353,1.045,0.138
1670852353,1.044,0.137
1670852353,1.047,0.137
1670852353,1.046,0.134
1670852353,1.045,0.128
1670852353,1.045,0.133
1670852353,1.046,0.138
1670852353,1.048,0.14
1670852354,1.048,0.136
1670852354,1.051,0.137
1670852354,1.046,0.137
1670852354,1.047,0.136
1670852354,1.045,0.147
1670852354,1.046,0.143
1670852354,1.048,0.138
1670852354,1.048,0.146
1670852354,1.047,0.144
1670852354,1.047,0.133
1670852354,1.049,0.135
1670852354,1.043,0.148
1670852354,1.048,0.137
1670852354,1.046,0.144
1670852354,1.045,0.138
1670852354,1.044,0.131
1670852354,1.047,0.147
1670852354,1.044,0.135
1670852354,1.045,0.134
1670852354,1.044,0.135
1670852355,1.047,0.134
1670852355,1.046,0.142
1670852355,1.045,0.133
1670852355,1.046,0.139
1670852355,1.048,0.142
1670852355,1.045,0.135
1670852355,1.043,0.137
1670852355,1.044,0.135
1670852355,1.047,0.14
1670852355,1.046,0.137
1670852355,1.047,0.136
1670852355,1.045,0.139
1670852355,1.043,0.134
1670852355,1.047,0.135
1670852355,1.044,0.138
1670852355,1.046,0.138
1670852355,1.046,0.133
1670852355,1.044,0.142
1670852355,1.047,0.138
1670852355,1.044,0.134
1670852356,1.047,0.136
1670852356,1.044,0.135
1670852356,1.044,0.137
1670852356,1.048,0.138
1670852356,1.05,0.14
1670852356,1.046,0.133
1670852356,1.044,0.135
1670852356,1.053,0.134
1670852356,1.048,0.136
1670852356,1.048,0.13
1670852356,1.045,0.136
1670852356,1.044,0.137
1670852356,1.046,0.139
1670852356,1.047,0.137
1670852356,1.043,0.138
1670852356,1.049,0.137
1670852356,1.047,0.134
1670852356,1.049,0.139
1670852356,1.049,0.134
1670852356,1.048,0.131
1670852357,1.047,0.138
1670852357,1.049,0.138
1670852357,1.046,0.138
1670852357,1.05,0.134
1670852357,1.048,0.127
1670852357,1.041,0.138
1670852357,1.051,0.137
1670852357,1.054,0.142
1670852357,1.049,0.134
1670852357,1.047,0.139
1670852357,1.047,0.133
1670852357,1.047,0.136
1670852357,1.047,0.146
1670852357,1.045,0.139
1670852357,1.043,0.131
1670852357,1.045,0.142
1670852357,1.048,0.133
1670852357,1.047,0.141
1670852357,1.047,0.137
1670852357,1.046,0.132
1670852358,1.048,0.141
1670852358,1.046,0.141
1670852358,1.045,0.131
1670852358,1.043,0.144
1670852358,1.048,0.145
1670852358,1.047,0.138
1670852358,1.044,0.139
1670852358,1.049,0.129
1670852358,1.043,0.137
1670852358,1.045,0.144
1670852358,1.046,0.13
1670852358,1.049,0.132
1670852358,1.044,0.139
1670852358,1.045,0.136
1670852358,1.048,0.145
1670852358,1.047,0.132
1670852358,1.047,0.138
1670852358,1.045,0.142
1670852358,1.047,0.13
1670852358,1.045,0.139
1670852359,1.047,0.135
1670852359,1.046,0.14
1670852359,1.045,0.135
1670852359,1.045,0.141
1670852359,1.048,0.138
1670852359,1.049,0.137
1670852359,1.044,0.139
1670852359,1.048,0.142
1670852359,1.047,0.136
1670852359,1.045,0.137
1670852359,1.043,0.145
1670852359,1.047,0.135
1670852359,1.046,0.127
1670852359,1.046,0.139
1670852359,1.046,0.143
1670852359,1.047,0.137
1670852359,1.045,0.131
1670852359,1.048,0.136
1670852359,1.046,0.141
1670852359,1.047,0.139
1670852360,1.044,0.14
1670852360,1.046,0.137
1670852360,1.046,0.136
1670852360,1.044,0.122
1670852360,1.046,0.139
1670852360,1.046,0.131
1670852360,1.047,0.138
1670852360,1.049,0.145
1670852360,1.046,0.127
1670852360,1.045,0.134
1670852360,1.048,0.148
1670852360,1.046,0.145
1670852360,1.047,0.121
1670852360,1.046,0.124
1670852360,1.047,0.134
1670852360,1.047,0.135
1670852360,1.047,0.146
1670852360,1.046,0.16
1670852360,1.048,0.127
1670852360,1.044,0.127
1670852361,1.045,0.117
1670852361,1.045,0.126
1670852361,1.047,0.116
1670852361,1.046,0.102
1670852361,1.046,0.175
1670852361,1.046,0.198
1670852361,1.046,0.074
1670852361,1.047,0.144
1670852361,1.045,0.099
1670852361,1.048,0.143
1670852361,1.044,0.103
1670852361,1.049,0.164
1670852361,1.047,0.124
1670852361,1.046,0.206
1670852361,1.045,0.105
1670852361,1.047,0.136
1670852361,1.047,0.153
1670852361,1.048,0.157
1670852361,1.046,0.102
1670852361,1.05,0.164
1670852362,1.047,0.135
1670852362,1.047,0.167
1670852362,1.045,0.116
1670852362,1.044,0.145
1670852362,1.046,0.133
1670852362,1.048,0.129
1670852362,1.045,0.139
1670852362,1.048,0.131
1670852362,1.043,0.097
1670852362,1.048,0.158
1670852362,1.047,0.228
1670852362,1.047,0.108
1670852362,1.045,0.125
1670852362,1.047,0.107
1670852362,1.044,0.114
1670852362,1.048,0.178
1670852362,1.046,0.182
1670852362,1.045,0.119
1670852362,1.045,0.121
1670852362,1.046,0.147
1670852363,1.05,0.141
1670852363,1.046,0.174
1670852363,1.046,0.131
1670852363,1.045,0.157
1670852363,1.047,0.123
1670852363,1.043,0.154
1670852363,1.044,0.127
1670852363,1.045,0.125
1670852363,1.046,0.161
1670852363,1.046,0.156
1670852363,1.052,0.174
1670852363,1.046,0.161
1670852363,1.044,0.117
1670852363,1.044,0.141
1670852363,1.045,0.142
1670852363,1.046,0.137
1670852363,1.045,0.153
1670852363,1.048,0.153
1670852363,1.047,0.173
1670852363,1.044,0.148
1670852364,1.046,0.187
1670852364,1.045,0.12
1670852364,1.046,0.106
1670852364,1.043,0.109
1670852364,1.046,0.167
1670852364,1.044,0.104
1670852364,1.045,0.114
1670852364,1.045,0.142
1670852364,1.045,0.163
1670852364,1.042,0.114
1670852364,1.042,0.075
1670852364,1.047,0.173
1670852364,1.047,0.118
1670852364,1.044,0.113
1670852364,1.048,0.168
1670852364,1.044,0.12
1670852364,1.044,0.124
1670852364,1.045,0.16
1670852364,1.044,0.152
1670852364,1.045,0.112
1670852365,1.044,0.092
1670852365,1.045,0.137
1670852365,1.04,0.112
1670852365,1.045,0.117
1670852365,1.045,0.189
1670852365,1.045,0.158
1670852365,1.046,0.12
1670852365,1.046,0.138
1670852365,1.045,0.102
1670852365,1.044,0.131
1670852365,1.043,0.131
1670852365,1.048,0.114
1670852365,1.047,0.124
1670852365,1.046,0.146
1670852365,1.044,0.114
1670852365,1.05,0.115
1670852365,1.042,0.096
1670852365,1.047,0.144
1670852365,1.044,0.139
1670852365,1.045,0.115
1670852366,1.044,0.136
1670852366,1.047,0.155
1670852366,1.047,0.136
1670852366,1.047,0.127
1670852366,1.045,0.129
1670852366,1.045,0.127
1670852366,1.047,0.137
1670852366,1.045,0.133
1670852366,1.049,0.146
1670852366,1.047,0.142
1670852366,1.048,0.143
1670852366,1.045,0.14
1670852366,1.047,0.141
1670852366,1.046,0.141
1670852366,1.042,0.132
1670852366,1.044,0.143
1670852366,1.045,0.136
1670852366,1.042,0.136
1670852366,1.045,0.138
1670852366,1.045,0.14
1670852367,1.043,0.135
1670852367,1.049,0.141
1670852367,1.045,0.129
1670852367,1.048,0.137
1670852367,1.045,0.135
1670852367,1.047,0.132
1670852367,1.045,0.138
1670852367,1.042,0.15
1670852367,1.046,0.132
1670852367,1.045,0.135
1670852367,1.045,0.132
1670852367,1.044,0.132
1670852367,1.046,0.131
1670852367,1.044,0.139
1670852367,1.044,0.139
1670852367,1.043,0.136
1670852367,1.045,0.134
1670852367,1.046,0.141
1670852367,1.042,0.129
1670852367,1.045,0.134
1670852368,1.048,0.139
1670852368,1.044,0.131
1670852368,1.043,0.134
1670852368,1.045,0.136
1670852368,1.046,0.141
1670852368,1.044,0.136
1670852368,1.046,0.14
1670852368,1.046,0.137
1670852368,1.046,0.141
1670852368,1.044,0.138
1670852368,1.044,0.14
1670852368,1.042,0.132
1670852368,1.045,0.144
1670852368,1.044,0.139
1670852368,1.046,0.138
1670852368,1.047,0.139
1670852368,1.043,0.136
1670852368,1.043,0.131
1670852368,1.044,0.13
1670852368,1.043,0.127
1670852369,1.045,0.131
1670852369,1.041,0.137
1670852369,1.047,0.134
1670852369,1.045,0.14
1670852369,1.044,0.137
1670852369,1.045,0.129
1670852369,1.048,0.138
1670852369,1.045,0.136
1670852369,1.045,0.143
1670852369,1.044,0.135
1670852369,1.047,0.143
1670852369,1.046,0.134
1670852369,1.046,0.143
1670852369,1.045,0.132
1670852369,1.043,0.137
1670852369,1.043,0.137
1670852369,1.043,0.141
1670852369,1.043,0.135
1670852369,1.046,0.144
1670852369,1.045,0.135
1670852370,1.042,0.134
1670852370,1.046,0.136
1670852370,1.046,0.141
1670852370,1.047,0.132
1670852370,1.047,0.134
1670852370,1.043,0.138
1670852370,1.044,0.13
1670852370,1.043,0.131
1670852370,1.047,0.128
1670852370,1.047,0.138
1670852370,1.048,0.144
1670852370,1.047,0.136
1670852370,1.045,0.136
1670852370,1.045,0.133
1670852370,1.046,0.147
1670852370,1.045,0.132
1670852370,1.044,0.14
1670852370,1.046,0.111
1670852370,1.048,0.135
1670852370,1.049,0.137
1670852371,1.042,0.14
1670852371,1.042,0.119
1670852371,1.047,0.138
1670852371,1.047,0.142
1670852371,1.048,0.141
1670852371,1.047,0.123
1670852371,1.048,0.142
1670852371,1.046,0.145
1670852371,1.045,0.136
1670852371,1.041,0.118
1670852371,1.047,0.13
1670852371,1.044,0.136
1670852371,1.044,0.135
1670852371,1.043,0.137
1670852371,1.045,0.134
1670852371,1.046,0.139
1670852371,1.043,0.14
1670852371,1.044,0.135
1670852371,1.045,0.141
1670852371,1.044,0.134
1670852372,1.045,0.139
1670852372,1.045,0.135
1670852372,1.045,0.131
1670852372,1.046,0.133
1670852372,1.044,0.136
1670852372,1.046,0.134
1670852372,1.044,0.132
1670852372,1.043,0.133
1670852372,1.044,0.136
1670852372,1.045,0.134
1670852372,1.046,0.131
1670852372,1.044,0.137
1670852372,1.045,0.134
1670852372,1.046,0.133
1670852372,1.047,0.13
1670852372,1.049,0.134
1670852372,1.043,0.132
1670852372,1.045,0.138
1670852372,1.048,0.14
1670852372,1.047,0.134
1670852373,1.045,0.14
1670852373,1.046,0.137
1670852373,1.046,0.139
1670852373,1.049,0.142
1670852373,1.047,0.128
1670852373,1.042,0.134
1670852373,1.046,0.134
1670852373,1.047,0.146
1670852373,1.048,0.135
1670852373,1.045,0.147
1670852373,1.043,0.13
1670852373,1.047,0.133
1670852373,1.046,0.13
1670852373,1.044,0.133
1670852373,1.046,0.139
1670852373,1.045,0.13
1670852373,1.047,0.136
1670852373,1.044,0.135
1670852373,1.046,0.143
1670852373,1.046,0.139
1670852374,1.043,0.132
1670852374,1.046,0.139
1670852374,1.044,0.129
1670852374,1.046,0.138
1670852374,1.043,0.136
1670852374,1.044,0.129
1670852374,1.044,0.137
1670852374,1.046,0.126
1670852374,1.046,0.136
1670852374,1.048,0.127
1670852374,1.041,0.134
1670852374,1.044,0.127
1670852374,1.045,0.142
1670852374,1.046,0.141
1670852374,1.046,0.139
1670852374,1.043,0.142
1670852374,1.049,0.135
1670852374,1.046,0.138
1670852374,1.045,0.133
1670852374,1.047,0.138
1670852375,1.046,0.138
1670852375,1.047,0.145
1670852375,1.047,0.138
1670852375,1.044,0.137
1670852375,1.047,0.129
1670852375,1.047,0.145
1670852375,1.05,0.144
1670852375,1.05,0.141
1670852375,1.045,0.141
1670852375,1.048,0.137
1670852375,1.046,0.137
1670852375,1.046,0.139
1670852375,1.048,0.129
1670852375,1.046,0.144
1670852375,1.048,0.131
1670852375,1.044,0.131
1670852375,1.047,0.128
1670852375,1.044,0.134
1670852375,1.049,0.145
1670852375,1.045,0.13
1670852376,1.046,0.147
1670852376,1.049,0.148
1670852376,1.047,0.151
1670852376,1.045,0.131
1670852376,1.044,0.121
1670852376,1.044,0.14
1670852376,1.043,0.126
1670852376,1.046,0.153
1670852376,1.043,0.155
1670852376,1.044,0.147
1670852376,1.045,0.123
1670852376,1.047,0.165
1670852376,1.045,0.128
1670852376,1.047,0.132
1670852376,1.047,0.151
1670852376,1.047,0.152
1670852376,1.047,0.125
1670852376,1.049,0.143
1670852376,1.048,0.159
1670852376,1.048,0.152
1670852377,1.047,0.131
1670852377,1.045,0.117
1670852377,1.046,0.081
1670852377,1.047,0.138
1670852377,1.046,0.139
1670852377,1.044,0.147
1670852377,1.046,0.115
1670852377,1.048,0.185
1670852377,1.047,0.139
1670852377,1.046,0.15
1670852377,1.045,0.124
1670852377,1.047,0.096
1670852377,1.044,0.136
1670852377,1.047,0.16
1670852377,1.046,0.154
1670852377,1.047,0.122
1670852377,1.046,0.131
1670852377,1.045,0.128
1670852377,1.044,0.091
1670852377,1.045,0.133
1670852378,1.044,0.133
1670852378,1.044,0.126
1670852378,1.044,0.136
1670852378,1.045,0.121
1670852378,1.044,0.15
1670852378,1.043,0.128
1670852378,1.048,0.159
1670852378,1.043,0.054
1670852378,1.045,0.113
1670852378,1.046,0.092
1670852378,1.046,0.124
1670852378,1.046,0.179
1670852378,1.045,0.073
1670852378,1.044,0.114
1670852378,1.044,0.134
1670852378,1.045,0.143
1670852378,1.041,0.065
1670852378,1.043,0.176
1670852378,1.046,0.143
1670852378,1.044,0.14
1670852379,1.043,0.126
1670852379,1.047,0.151
1670852379,1.047,0.161
1670852379,1.047,0.181
1670852379,1.047,0.125
1670852379,1.046,0.133
1670852379,1.047,0.143
1670852379,1.047,0.115
1670852379,1.043,0.135
1670852379,1.048,0.101
1670852379,1.046,0.148
1670852379,1.043,0.101
1670852379,1.045,0.122
1670852379,1.047,0.181
1670852379,1.047,0.139
1670852379,1.046,0.13
1670852379,1.048,0.176
1670852379,1.045,0.096
1670852379,1.046,0.15
1670852379,1.045,0.112
1670852380,1.043,0.089
1670852380,1.047,0.159
1670852380,1.045,0.107
1670852380,1.044,0.105
1670852380,1.047,0.118
1670852380,1.047,0.213
1670852380,1.043,0.105
1670852380,1.045,0.082
1670852380,1.046,0.179
1670852380,1.043,0.132
1670852380,1.046,0.18
1670852380,1.046,0.088
1670852380,1.047,0.175
1670852380,1.047,0.165
1670852380,1.046,0.128
1670852380,1.045,0.117
1670852380,1.051,0.163
1670852380,1.044,0.135
1670852380,1.049,0.158
1670852380,1.047,0.114
1670852381,1.046,0.134
1670852381,1.046,0.134
1670852381,1.046,0.164
1670852381,1.045,0.156
1670852381,1.047,0.145
1670852381,1.046,0.121
1670852381,1.047,0.115
1670852381,1.043,0.113
1670852381,1.048,0.164
1670852381,1.038,0.129
1670852381,1.047,0.118
1670852381,1.048,0.142
1670852381,1.045,0.134
1670852381,1.046,0.146
1670852381,1.045,0.116
1670852381,1.043,0.15
1670852381,1.045,0.132
1670852381,1.046,0.146
1670852381,1.044,0.136
1670852381,1.043,0.143
1670852382,1.045,0.136
1670852382,1.047,0.128
1670852382,1.044,0.131
1670852382,1.047,0.129
1670852382,1.043,0.133
1670852382,1.045,0.134
1670852382,1.042,0.144
1670852382,1.045,0.141
1670852382,1.049,0.138
1670852382,1.052,0.139
1670852382,1.047,0.139
1670852382,1.044,0.14
1670852382,1.047,0.14
1670852382,1.044,0.142
1670852382,1.043,0.14
1670852382,1.045,0.138
1670852382,1.045,0.139
1670852382,1.046,0.134
1670852382,1.043,0.132
1670852382,1.046,0.141
1670852383,1.045,0.137
1670852383,1.048,0.135
1670852383,1.045,0.129
1670852383,1.046,0.13
1670852383,1.047,0.135
1670852383,1.048,0.129
1670852383,1.042,0.142
1670852383,1.045,0.133
1670852383,1.044,0.145
1670852383,1.049,0.139
1670852383,1.048,0.137
1670852383,1.048,0.13
1670852383,1.046,0.132
1670852383,1.041,0.136
1670852383,1.044,0.137
1670852383,1.044,0.139
1670852383,1.044,0.127
1670852383,1.047,0.129
1670852383,1.051,0.137
1670852383,1.045,0.131
1670852384,1.042,0.139
1670852384,1.046,0.14
1670852384,1.042,0.135
1670852384,1.046,0.13
1670852384,1.044,0.13
1670852384,1.043,0.144
1670852384,1.047,0.129
1670852384,1.042,0.132
1670852384,1.045,0.134
1670852384,1.045,0.134
1670852384,1.048,0.141
1670852384,1.043,0.136
1670852384,1.046,0.138
1670852384,1.043,0.139
1670852384,1.048,0.136
1670852384,1.046,0.133
1670852384,1.045,0.125
1670852384,1.046,0.135
1670852384,1.045,0.147
1670852384,1.045,0.138
1670852385,1.045,0.135
1670852385,1.044,0.131
1670852385,1.048,0.135
1670852385,1.044,0.132
1670852385,1.046,0.136
1670852385,1.045,0.135
1670852385,1.043,0.137
1670852385,1.048,0.139
1670852385,1.043,0.142
1670852385,1.041,0.131
1670852385,1.044,0.135
1670852385,1.044,0.131
1670852385,1.044,0.127
1670852385,1.044,0.131
1670852385,1.044,0.14
1670852385,1.047,0.133
1670852385,1.044,0.141
1670852385,1.047,0.134
1670852385,1.046,0.129
1670852385,1.044,0.138
1670852386,1.042,0.137
1670852386,1.043,0.132
1670852386,1.043,0.132
1670852386,1.042,0.129
1670852386,1.045,0.134
1670852386,1.043,0.14
1670852386,1.046,0.124
1670852386,1.042,0.142
1670852386,1.045,0.127
1670852386,1.045,0.141
1670852386,1.046,0.139
1670852386,1.043,0.138
1670852386,1.043,0.141
1670852386,1.044,0.14
1670852386,1.047,0.13
1670852386,1.047,0.142
1670852386,1.043,0.14
1670852386,1.048,0.135
1670852386,1.044,0.139
1670852386,1.047,0.132
1670852387,1.043,0.136
1670852387,1.045,0.139
1670852387,1.043,0.143
1670852387,1.046,0.142
1670852387,1.045,0.135
1670852387,1.044,0.135
1670852387,1.043,0.142
1670852387,1.047,0.14
1670852387,1.045,0.137
1670852387,1.044,0.137
1670852387,1.046,0.133
1670852387,1.044,0.129
1670852387,1.046,0.141
1670852387,1.042,0.14
1670852387,1.046,0.132
1670852387,1.046,0.139
1670852387,1.046,0.137
1670852387,1.042,0.136
1670852387,1.044,0.141
1670852387,1.046,0.135
1670852388,1.047,0.137
1670852388,1.044,0.138
1670852388,1.043,0.128
1670852388,1.043,0.136
1670852388,1.045,0.131
1670852388,1.046,0.129
1670852388,1.045,0.131
1670852388,1.045,0.139
1670852388,1.044,0.142
1670852388,1.047,0.141
1670852388,1.049,0.137
1670852388,1.046,0.136
1670852388,1.048,0.129
1670852388,1.045,0.134
1670852388,1.046,0.136
1670852388,1.043,0.135
1670852388,1.045,0.133
1670852388,1.044,0.137
1670852388,1.046,0.14
1670852388,1.046,0.145
1670852389,1.045,0.137
1670852389,1.045,0.135
1670852389,1.049,0.133
1670852389,1.048,0.138
1670852389,1.045,0.125
1670852389,1.048,0.134
1670852389,1.048,0.131
1670852389,1.048,0.132
1670852389,1.045,0.134
1670852389,1.043,0.136
1670852389,1.043,0.132
1670852389,1.044,0.139
1670852389,1.047,0.139
1670852389,1.047,0.133
1670852389,1.045,0.143
1670852389,1.045,0.135
1670852389,1.045,0.133
1670852389,1.045,0.143
1670852389,1.046,0.14
1670852389,1.046,0.136
1670852390,1.045,0.139
1670852390,1.046,0.133
1670852390,1.048,0.137
1670852390,1.046,0.128
1670852390,1.046,0.127
1670852390,1.048,0.132
1670852390,1.043,0.131
1670852390,1.043,0.14
1670852390,1.05,0.135
1670852390,1.046,0.131
1670852390,1.045,0.135
1670852390,1.043,0.131
1670852390,1.047,0.129
1670852390,1.041,0.14
1670852390,1.046,0.131
1670852390,1.042,0.129
1670852390,1.046,0.131
1670852390,1.043,0.134
1670852390,1.043,0.14
1670852390,1.042,0.13
1670852391,1.047,0.135
1670852391,1.042,0.136
1670852391,1.045,0.137
1670852391,1.045,0.136
1670852391,1.043,0.137
1670852391,1.044,0.132
1670852391,1.044,0.133
1670852391,1.045,0.143
1670852391,1.041,0.129
1670852391,1.051,0.143
1670852391,1.048,0.157
1670852391,1.043,0.119
1670852391,1.048,0.158
1670852391,1.045,0.134
1670852391,1.044,0.123
1670852391,1.046,0.149
1670852391,1.043,0.122
1670852391,1.042,0.131
1670852391,1.045,0.114
1670852391,1.045,0.126
1670852392,1.046,0.137
1670852392,1.042,0.136
1670852392,1.045,0.151
1670852392,1.043,0.131
1670852392,1.046,0.16
1670852392,1.044,0.159
1670852392,1.042,0.123
1670852392,1.042,0.102
1670852392,1.044,0.156
1670852392,1.048,0.154
1670852392,1.045,0.12
1670852392,1.043,0.111
1670852392,1.046,0.131
1670852392,1.043,0.132
1670852392,1.046,0.157
1670852392,1.043,0.159
1670852392,1.043,0.154
1670852392,1.044,0.139
1670852392,1.045,0.151
1670852392,1.043,0.127
1670852393,1.044,0.177
1670852393,1.046,0.119
1670852393,1.042,0.101
1670852393,1.046,0.16
1670852393,1.044,0.123
1670852393,1.045,0.175
1670852393,1.048,0.166
1670852393,1.042,0.123
1670852393,1.05,0.142
1670852393,1.042,0.146
1670852393,1.044,0.143
1670852393,1.045,0.125
1670852393,1.046,0.164
1670852393,1.044,0.102
1670852393,1.044,0.112
1670852393,1.045,0.158
1670852393,1.048,0.107
1670852393,1.044,0.112
1670852393,1.047,0.137
1670852393,1.047,0.143
1670852394,1.044,0.113
1670852394,1.044,0.162
1670852394,1.041,0.107
1670852394,1.045,0.125
1670852394,1.048,0.137
1670852394,1.047,0.151
1670852394,1.049,0.187
1670852394,1.044,0.144
1670852394,1.047,0.171
1670852394,1.045,0.136
1670852394,1.046,0.224
1670852394,1.046,0.164
1670852394,1.048,0.167
1670852394,1.044,0.101
1670852394,1.046,0.116
1670852394,1.044,0.135
1670852394,1.045,0.158
1670852394,1.044,0.128
1670852394,1.046,0.124
1670852394,1.043,0.162
1670852395,1.041,0.093
1670852395,1.044,0.135
1670852395,1.041,0.081
1670852395,1.044,0.131
1670852395,1.047,0.095
1670852395,1.043,0.134
1670852395,1.046,0.097
1670852395,1.045,0.142
1670852395,1.041,0.104
1670852395,1.047,0.125
1670852395,1.045,0.168
1670852395,1.045,0.14
1670852395,1.048,0.171
1670852395,1.046,0.136
1670852395,1.041,0.094
1670852395,1.049,0.121
1670852395,1.044,0.115
1670852395,1.041,0.044
1670852395,1.044,0.128
1670852395,1.043,0.138
1670852396,1.043,0.128
1670852396,1.043,0.126
1670852396,1.044,0.114
1670852396,1.039,0.098
1670852396,1.045,0.163
1670852396,1.042,0.125
1670852396,1.044,0.155
1670852396,1.045,0.14
1670852396,1.044,0.132
1670852396,1.044,0.149
1670852396,1.045,0.104
1670852396,1.048,0.183
1670852396,1.046,0.12
1670852396,1.042,0.134
1670852396,1.041,0.121
1670852396,1.045,0.124
1670852396,1.044,0.144
1670852396,1.044,0.155
1670852396,1.041,0.141
1670852396,1.043,0.132
1670852397,1.047,0.135
1670852397,1.046,0.125
1670852397,1.044,0.119
1670852397,1.046,0.137
1670852397,1.046,0.151
1670852397,1.046,0.13
1670852397,1.044,0.122
1670852397,1.044,0.145
1670852397,1.044,0.134
1670852397,1.048,0.142
1670852397,1.04,0.141
1670852397,1.043,0.127
1670852397,1.046,0.138
1670852397,1.045,0.135
1670852397,1.047,0.129
1670852397,1.044,0.131
1670852397,1.043,0.134
1670852397,1.043,0.132
1670852397,1.045,0.124
1670852397,1.042,0.133
1670852398,1.043,0.139
1670852398,1.044,0.129
1670852398,1.045,0.134
1670852398,1.046,0.141
1670852398,1.042,0.138
1670852398,1.046,0.139
1670852398,1.047,0.132
1670852398,1.046,0.135
1670852398,1.046,0.128
1670852398,1.044,0.133
1670852398,1.045,0.14
1670852398,1.048,0.135
1670852398,1.045,0.13
1670852398,1.044,0.142
1670852398,1.044,0.127
1670852398,1.047,0.126
1670852398,1.043,0.138
1670852398,1.044,0.128
1670852398,1.045,0.136
1670852398,1.047,0.132
1670852399,1.045,0.123
1670852399,1.047,0.136
1670852399,1.046,0.133
1670852399,1.044,0.135
1670852399,1.045,0.139
1670852399,1.043,0.131
1670852399,1.042,0.136
1670852399,1.042,0.147
1670852399,1.044,0.137
1670852399,1.045,0.137
1670852399,1.044,0.136
1670852399,1.044,0.14
1670852399,1.043,0.142
1670852399,1.048,0.135
1670852399,1.042,0.138
1670852399,1.044,0.138
1670852399,1.044,0.142
1670852399,1.043,0.138
1670852399,1.045,0.133
1670852399,1.041,0.141
1670852400,1.044,0.139
1670852400,1.044,0.127
1670852400,1.042,0.127
1670852400,1.044,0.139
1670852400,1.047,0.143
1670852400,1.047,0.136
1670852400,1.048,0.14
1670852400,1.044,0.132
1670852400,1.046,0.14
1670852400,1.042,0.133
1670852400,1.044,0.138
1670852400,1.042,0.132
1670852400,1.047,0.137
1670852400,1.045,0.137
1670852400,1.041,0.136
1670852400,1.044,0.142
1670852400,1.044,0.139
1670852400,1.043,0.14
1670852400,1.044,0.143
1670852400,1.046,0.131
1670852401,1.048,0.137
1670852401,1.043,0.131
1670852401,1.046,0.135
1670852401,1.044,0.14
1670852401,1.047,0.139
1670852401,1.043,0.133
1670852401,1.044,0.133
1670852401,1.042,0.137
1670852401,1.046,0.138
1670852401,1.042,0.135
1670852401,1.044,0.142
1670852401,1.047,0.127
1670852401,1.046,0.136
1670852401,1.046,0.133
1670852401,1.045,0.143
1670852401,1.044,0.133
1670852401,1.04,0.133
1670852401,1.043,0.138
1670852401,1.045,0.121
1670852401,1.047,0.175
1670852402,1.048,0.111
1670852402,1.044,0.151
1670852402,1.043,0.107
1670852402,1.043,0.146
1670852402,1.044,0.131
1670852402,1.047,0.14
1670852402,1.045,0.135
1670852402,1.044,0.136
1670852402,1.045,0.135
1670852402,1.047,0.133
1670852402,1.047,0.124
1670852402,1.042,0.14
1670852402,1.042,0.123
1670852402,1.045,0.143
1670852402,1.044,0.124
1670852402,1.042,0.14
1670852402,1.043,0.135
1670852402,1.047,0.132
1670852402,1.046,0.138
1670852402,1.334,0.134
1670852403,2.479,0.137
1670852403,2.483,0.136
1670852403,2.482,0.136
1670852403,2.486,0.142
1670852403,2.484,0.137
1670852403,2.483,0.13
1670852403,2.482,0.135
1670852403,2.484,0.137
1670852403,2.484,0.135
1670852403,2.483,0.142
1670852403,2.481,0.143
1670852403,1.938,0.138
1670852403,1.044,0.136
1670852403,1.046,0.14
1670852403,1.043,0.132
1670852403,1.04,0.129
1670852403,1.045,0.133
1670852403,1.045,0.146
1670852403,1.047,0.137
1670852403,1.044,7.334
1670852404,1.043,8.285
1670852404,1.042,8.286
1670852404,1.042,8.285
1670852404,1.045,8.275
1670852404,1.039,8.282
1670852404,1.041,8.277
1670852404,1.044,8.283
1670852404,1.039,8.287
1670852404,1.041,8.288
1670852404,1.043,5.683
1670852404,1.046,0.133
1670852404,1.045,0.134
1670852404,1.044,0.135
1670852404,1.042,0.138
1670852404,1.042,0.134
1670852404,1.041,0.144
1670852404,1.045,0.133
1670852404,1.045,0.136
1670852404,1.045,0.136
1670852404,1.044,0.133
1670852405,1.044,0.141
1670852405,1.043,0.134
1670852405,1.045,0.141
1670852405,1.042,0.137
1670852405,1.044,0.139
1670852405,1.045,0.135
1670852405,1.044,0.142
1670852405,1.046,0.145
1670852405,1.045,0.138
1670852405,1.042,0.135
1670852405,1.044,0.125
1670852405,1.046,0.134
1670852405,1.042,0.139
1670852405,1.043,0.14
1670852405,1.044,0.128
1670852405,1.045,0.142
1670852405,1.045,0.139
1670852405,1.045,0.13
1670852405,1.043,0.133
1670852405,1.044,0.14
1670852406,1.045,0.138
1670852406,1.042,0.142
1670852406,1.041,0.13
1670852406,1.043,0.13
1670852406,1.042,0.135
1670852406,1.045,0.132
1670852406,1.043,0.13
1670852406,1.045,0.131
1670852406,1.044,0.126
1670852406,1.045,0.136
1670852406,1.041,0.139
1670852406,1.044,0.132
1670852406,1.217,0.139
1670852406,2.482,0.132
1670852406,2.48,0.136
1670852406,2.489,0.138
1670852406,2.484,0.152
1670852406,2.483,0.147
1670852406,2.479,0.128
1670852406,2.478,0.137
1670852407,2.482,0.131
1670852407,2.481,0.123
1670852407,2.483,0.117
1670852407,2.486,0.137
1670852407,2.482,0.117
1670852407,2.48,0.168
1670852407,2.488,0.128
1670852407,2.484,0.153
1670852407,1.365,0.15
1670852407,1.042,0.126
1670852407,1.048,0.146
1670852407,1.038,0.135
1670852407,1.042,8.12
1670852407,1.042,8.28
1670852407,1.072,8.284
1670852407,2.481,8.284
1670852407,2.486,8.279
1670852407,2.484,8.279
1670852407,2.482,8.283
1670852407,2.483,8.271
1670852408,2.483,8.279
1670852408,2.483,8.281
1670852408,2.484,8.289
1670852408,2.483,8.27
1670852408,2.477,8.282
1670852408,2.478,8.288
1670852408,2.477,8.277
1670852408,2.48,0.12
1670852408,2.479,0.09
1670852408,2.484,0.125
1670852408,1.417,0.121
1670852408,1.045,0.129
1670852408,1.042,0.14
1670852408,1.045,0.095
1670852408,1.043,5.029
1670852408,1.044,8.285
1670852408,1.046,8.279
1670852408,1.044,8.275
1670852408,1.044,8.286
1670852408,1.044,8.281
1670852409,1.041,8.28
1670852409,1.043,8.271
1670852409,1.046,8.279
1670852409,1.044,8.282
1670852409,1.045,8.281
1670852409,1.043,8.279
1670852409,1.042,8.284
1670852409,1.037,8.274
1670852409,1.042,7.286
1670852409,1.045,0.115
1670852409,1.044,0.117
1670852409,1.048,0.161
1670852409,1.047,0.116
1670852409,1.045,0.168
1670852409,1.047,0.159
1670852409,1.045,0.122
1670852409,1.042,0.15
1670852409,1.045,0.143
1670852409,1.042,0.118
1670852409,1.044,0.153
1670852410,1.043,0.138
1670852410,1.043,0.13
1670852410,1.05,0.154
1670852410,1.046,0.21
1670852410,1.046,0.129
1670852410,1.045,0.116
1670852410,1.045,0.126
1670852410,1.04,0.098
1670852410,1.042,0.151
1670852410,1.046,0.18
1670852410,1.044,0.169
1670852410,1.045,0.158
1670852410,1.047,0.133
1670852410,1.044,0.161
1670852410,1.047,0.168
1670852410,1.042,0.152
1670852410,1.043,0.116
1670852410,1.044,0.202
1670852410,1.044,0.133
1670852410,1.04,0.141
1670852411,1.045,0.143
1670852411,1.042,0.145
1670852411,1.045,0.107
1670852411,1.044,0.095
1670852411,1.045,0.115
1670852411,1.045,0.138
1670852411,1.046,0.151
1670852411,1.044,0.096
1670852411,1.047,0.143
1670852411,1.043,0.145
1670852411,1.046,0.149
1670852411,1.043,0.129
1670852411,1.044,0.123
1670852411,1.042,0.108
1670852411,1.043,0.185
1670852411,1.04,0.062
1670852411,1.044,0.156
1670852411,1.045,0.178
1670852411,1.042,0.186
1670852411,1.041,0.15
1670852412,1.047,0.131
1670852412,1.043,0.113
1670852412,1.045,0.128
1670852412,1.045,0.158
1670852412,1.044,0.137
1670852412,1.045,0.159
1670852412,1.043,0.117
1670852412,1.044,0.154
1670852412,1.043,0.133
1670852412,1.043,0.112
1670852412,1.045,0.141
1670852412,1.043,0.146
1670852412,1.045,0.126
1670852412,1.041,0.148
1670852412,1.046,0.142
1670852412,1.048,0.161
1670852412,1.046,0.145
1670852412,1.045,0.148
1670852412,1.045,0.132
1670852412,1.042,0.132
1670852413,1.044,0.139
1670852413,1.042,0.142
1670852413,1.045,0.142
1670852413,1.044,0.138
1670852413,1.044,0.144
1670852413,1.044,0.133
1670852413,1.045,0.133
1670852413,1.046,0.133
1670852413,1.046,0.134
1670852413,1.046,0.151
1670852413,1.044,0.136
1670852413,1.043,0.132
1670852413,1.043,0.136
1670852413,1.043,0.131
1670852413,1.045,0.138
1670852413,1.046,0.135
1670852413,1.043,0.133
1670852413,1.045,0.139
1670852413,1.044,0.126
1670852413,1.046,0.146
1670852414,1.044,0.135
1670852414,1.047,0.131
1670852414,1.045,0.138
1670852414,1.044,0.132
1670852414,1.045,0.128
1670852414,1.043,0.127
1670852414,1.047,0.142
1670852414,1.045,0.133
1670852414,1.043,0.135
1670852414,1.042,0.134
1670852414,1.046,0.136
1670852414,1.043,0.135
1670852414,1.044,0.133
1670852414,1.046,0.137
1670852414,1.043,0.125
1670852414,1.044,0.133
1670852414,1.045,0.138
1670852414,1.045,0.125
1670852414,1.046,0.13
1670852414,1.043,0.133
1670852415,1.043,0.135
1670852415,1.046,0.138
1670852415,1.045,0.137
1670852415,1.04,0.128
1670852415,1.043,0.137
1670852415,1.046,0.141
1670852415,1.047,0.136
1670852415,1.045,0.127
1670852415,1.047,0.136
1670852415,1.045,0.139
1670852415,1.032,0.125
1670852415,1.043,0.134
1670852415,1.041,0.132
1670852415,1.042,0.131
1670852415,1.042,0.137
1670852415,1.047,0.133
1670852415,1.044,0.135
1670852415,1.042,0.128
1670852415,1.043,0.141
1670852415,1.042,0.131
1670852416,1.045,0.134
1670852416,1.043,0.134
1670852416,1.045,0.132
1670852416,1.045,0.135
1670852416,1.044,0.132
1670852416,1.042,0.134
1670852416,1.048,0.134
1670852416,1.043,0.136
1670852416,1.043,0.133
1670852416,1.044,0.124
1670852416,1.045,0.134
1670852416,1.045,0.129
1670852416,1.044,0.129
1670852416,1.045,0.132
1670852416,1.043,0.127
1670852416,1.045,0.132
1670852416,1.041,0.135
1670852416,1.042,0.13
1670852416,1.043,0.139
1670852416,1.044,0.134
1670852417,1.043,0.134
1670852417,1.044,0.136
1670852417,1.047,0.14
1670852417,1.046,0.13
1670852417,1.044,0.137
1670852417,1.044,0.138
1670852417,1.043,0.146
1670852417,1.042,0.133
1670852417,1.044,0.136
1670852417,1.045,0.135
1670852417,1.045,0.138
1670852417,1.046,0.131
1670852417,1.043,0.143
1670852417,1.044,0.128
1670852417,1.045,0.138
1670852417,1.043,0.134
1670852417,1.047,0.137
1670852417,1.043,0.134
1670852417,1.046,0.135
1670852417,1.044,0.132
1670852418,1.04,0.132
1670852418,1.042,0.138
1670852418,1.045,0.128
1670852418,1.045,0.135
1670852418,1.043,0.139
1670852418,1.04,0.131
1670852418,1.046,0.137
1670852418,1.044,0.136
1670852418,1.044,0.127
1670852418,1.044,0.133
1670852418,1.047,0.132
1670852418,1.042,0.132
1670852418,1.044,0.138
1670852418,1.041,0.128
1670852418,1.045,0.139
1670852418,1.041,0.129
1670852418,1.04,0.128
1670852418,1.045,0.13
1670852418,1.044,0.138
1670852418,1.045,0.134
1670852419,1.045,0.135
1670852419,1.045,0.131
1670852419,1.048,0.134
1670852419,1.044,0.135
1670852419,1.045,0.135
1670852419,1.044,0.138
1670852419,1.046,0.131
1670852419,1.043,0.132
1670852419,1.046,0.133
1670852419,1.047,0.135
1670852419,1.041,0.137
1670852419,1.042,0.137
1670852419,1.044,0.132
1670852419,1.045,0.14
1670852419,1.045,0.136
1670852419,1.042,0.129
1670852419,1.046,0.134
1670852419,1.043,0.129
1670852419,1.047,0.13
1670852419,1.045,0.131
1670852420,1.044,0.124
1670852420,1.042,0.136
1670852420,1.049,0.135
1670852420,1.046,0.133
1670852420,1.043,0.135
1670852420,1.046,0.133
1670852420,1.041,0.144
1670852420,1.042,0.136
1670852420,1.046,0.138
1670852420,1.045,0.132
1670852420,1.04,0.136
1670852420,1.043,0.139
1670852420,1.044,0.134
1670852420,1.044,0.133
1670852420,1.045,0.134
1670852420,1.043,0.137
1670852420,1.046,0.134
1670852420,1.042,0.135
1670852420,1.043,0.136
1670852420,1.044,0.142
1670852421,1.044,0.136
1670852421,1.042,0.137
1670852421,1.043,0.132
1670852421,1.047,0.133
1670852421,1.045,0.135
1670852421,1.042,0.135
1670852421,1.046,0.136
1670852421,1.044,0.119
1670852421,1.045,0.135
1670852421,1.044,0.138
1670852421,1.043,0.138
1670852421,1.044,0.129
1670852421,1.043,0.134
1670852421,1.047,0.133
1670852421,1.043,0.135
1670852421,1.045,0.129
1670852421,1.043,0.129
1670852421,1.044,0.133
1670852421,1.043,0.126
1670852421,1.047,0.138
1670852422,1.048,0.128
1670852422,1.045,0.139
1670852422,1.042,0.129
1670852422,1.046,0.135
1670852422,1.047,0.13
1670852422,1.047,0.132
1670852422,1.042,0.129
1670852422,1.046,0.134
1670852422,1.045,0.133
1670852422,1.043,0.134
1670852422,1.043,0.132
1670852422,1.041,0.121
1670852422,1.044,0.144
1670852422,1.046,0.129
1670852422,1.044,0.113
1670852422,1.042,0.107
1670852422,1.044,0.128
1670852422,1.044,0.148
1670852422,1.045,0.129
1670852422,1.044,0.132
1670852423,1.043,0.128
1670852423,1.046,0.128
1670852423,1.042,0.124
1670852423,1.046,0.137
1670852423,1.045,0.103
1670852423,1.047,0.139
1670852423,1.044,0.141
1670852423,1.043,0.151
1670852423,1.043,0.146
1670852423,1.042,0.154
1670852423,1.044,0.159
1670852423,1.043,0.128
1670852423,1.043,0.156
1670852423,1.042,0.113
1670852423,1.045,0.14
1670852423,1.043,0.088
1670852423,1.042,0.117
1670852423,1.044,0.119
1670852423,1.044,0.108
1670852423,1.043,0.118
1670852424,1.04,0.102
1670852424,1.046,0.137
1670852424,1.043,0.125
1670852424,1.043,0.109
1670852424,1.044,0.129
1670852424,1.041,0.121
1670852424,1.045,0.161
1670852424,1.044,0.143
1670852424,1.046,0.158
1670852424,1.041,0.135
1670852424,1.043,0.165
1670852424,1.04,0.13
1670852424,1.047,0.124
1670852424,1.042,0.135
1670852424,1.043,0.119
1670852424,1.047,0.119
1670852424,1.044,0.127
1670852424,1.046,0.103
1670852424,1.044,0.148
1670852424,1.044,0.131
1670852425,1.046,0.136
1670852425,1.043,0.179
1670852425,1.041,0.132
1670852425,1.047,0.176
1670852425,1.047,0.15
1670852425,1.043,0.118
1670852425,1.045,0.125
1670852425,1.043,0.111
1670852425,1.043,0.146
1670852425,1.045,0.081
1670852425,1.047,0.126
1670852425,1.045,0.11
1670852425,1.044,0.116
1670852425,1.046,0.145
1670852425,1.043,0.089
1670852425,1.043,0.158
1670852425,1.043,0.15
1670852425,1.047,0.102
1670852425,1.046,0.18
1670852425,1.043,0.125
1670852426,1.044,0.109
1670852426,1.046,0.142
1670852426,1.045,0.124
1670852426,1.045,0.157
1670852426,1.049,0.151
1670852426,1.045,0.107
1670852426,1.045,0.118
1670852426,1.046,0.153
1670852426,1.045,0.169
1670852426,1.043,0.11
1670852426,1.04,0.117
1670852426,1.041,0.121
1670852426,1.045,0.159
1670852426,1.045,0.064
1670852426,1.047,0.118
1670852426,1.047,0.123
1670852426,1.042,0.06
1670852426,1.044,0.119
1670852426,1.046,0.164
1670852426,1.042,0.123
1670852427,1.044,0.085
1670852427,1.043,0.143
1670852427,1.042,0.114
1670852427,1.049,0.144
1670852427,1.045,0.127
1670852427,1.044,0.128
1670852427,1.041,0.084
1670852427,1.045,0.157
1670852427,1.043,0.095
1670852427,1.041,0.121
1670852427,1.045,0.129
1670852427,1.044,0.148
1670852427,1.043,0.159
1670852427,1.044,0.108
1670852427,1.044,0.121
1670852427,1.046,0.149
1670852427,1.045,0.12
1670852427,1.047,0.134
1670852427,1.046,0.113
1670852427,1.043,0.11
1670852428,1.041,0.15
1670852428,1.043,0.117
1670852428,1.045,0.135
1670852428,1.045,0.137
1670852428,1.043,0.116
1670852428,1.041,0.118
1670852428,1.045,0.117
1670852428,1.045,0.137
1670852428,1.046,0.127
1670852428,1.044,0.131
1670852428,1.043,0.15
1670852428,1.041,0.108
1670852428,1.047,0.144
1670852428,1.042,0.123
1670852428,1.043,0.128
1670852428,1.048,0.125
1670852428,1.047,0.124
1670852428,1.048,0.119
1670852428,1.046,0.115
1670852428,1.044,0.132
1670852429,1.045,0.134
1670852429,1.044,0.133
1670852429,1.043,0.14
1670852429,1.047,0.137
1670852429,1.044,0.127
1670852429,1.045,0.131
1670852429,1.047,0.138
1670852429,1.046,0.128
1670852429,1.042,0.128
1670852429,1.048,0.13
1670852429,1.04,0.134
1670852429,1.05,0.135
1670852429,1.045,0.132
1670852429,1.042,0.135
1670852429,1.042,0.133
1670852429,1.045,0.139
1670852429,1.042,0.136
1670852429,1.044,0.132
1670852429,1.044,0.124
1670852429,1.046,0.131
1670852430,1.043,0.128
1670852430,1.041,0.133
1670852430,1.044,0.126
1670852430,1.042,0.128
1670852430,1.049,0.128
1670852430,1.046,0.139
1670852430,1.04,0.14
1670852430,1.044,0.131
1670852430,1.044,0.127
1670852430,1.041,0.126
1670852430,1.043,0.143
1670852430,1.047,0.132
1670852430,1.046,0.134
1670852430,1.043,0.123
1670852430,1.045,0.129
1670852430,1.044,0.136
1670852430,1.044,0.136
1670852430,1.042,0.136
1670852430,1.045,0.138
1670852430,1.047,0.133
1670852431,1.044,0.133
1670852431,1.044,0.131
1670852431,1.046,0.138
1670852431,1.042,0.141
1670852431,1.044,0.136
1670852431,1.042,0.133
1670852431,1.043,0.131
1670852431,1.043,0.135
1670852431,1.044,0.139
1670852431,1.043,0.137
1670852431,1.042,0.137
1670852431,1.043,0.128
1670852431,1.049,0.121
1670852431,1.044,0.127
1670852431,1.046,0.133
1670852431,1.043,0.124
1670852431,1.043,0.134
1670852431,1.043,0.131
1670852431,1.041,0.133
1670852431,1.045,0.137
1670852432,1.042,0.13
1670852432,1.04,0.136
1670852432,1.047,0.14
1670852432,1.042,0.125
1670852432,1.041,0.13
1670852432,1.045,0.139
1670852432,1.044,0.141
1670852432,1.046,0.128
1670852432,1.044,0.131
1670852432,1.044,0.129
1670852432,1.041,0.131
1670852432,1.043,0.127
1670852432,1.041,0.135
1670852432,1.042,0.136
1670852432,1.043,0.13
1670852432,1.047,0.131
1670852432,1.043,0.13
1670852432,1.043,0.136
1670852432,1.043,0.125
1670852432,1.044,0.136
1670852433,1.044,0.13
1670852433,1.044,0.134
1670852433,1.044,0.139
1670852433,1.044,0.131
1670852433,1.04,0.135
1670852433,1.045,0.131
1670852433,1.04,0.134
1670852433,1.042,0.137
1670852433,1.037,0.069
1670852433,1.046,0.155
1670852433,1.042,0.129
1670852433,1.044,0.149
1670852433,1.046,0.103
1670852433,1.044,0.125
1670852433,1.046,0.137
1670852433,1.045,0.129
1670852433,1.046,0.132
1670852433,1.044,0.143
1670852433,1.044,0.126
1670852433,1.042,0.133
1670852434,1.04,0.13
1670852434,1.044,0.126
1670852434,1.039,0.131
1670852434,1.045,0.127
1670852434,1.041,0.137
1670852434,1.044,0.132
1670852434,1.045,0.134
1670852434,1.044,0.14
1670852434,1.043,0.139
1670852434,1.044,0.131
1670852434,1.042,0.133
1670852434,1.043,0.136
1670852434,1.042,0.128
1670852434,1.041,0.125
1670852434,1.043,0.131
1670852434,1.043,0.13
1670852434,1.047,0.129
1670852434,1.046,0.13
1670852434,1.046,0.136
1670852434,1.043,0.133
1670852435,1.047,0.133
1670852435,1.042,0.135
