Temps,Channel A Last (V),Channel B Last (V)
1670856913,1.015,0.092
1670856913,1.016,0.09
1670856914,1.015,0.092
1670856914,1.013,0.092
1670856914,1.014,0.093
1670856914,1.016,0.103
1670856914,1.017,0.09
1670856914,1.015,0.093
1670856914,1.015,0.095
1670856914,1.013,0.1
1670856914,1.017,0.099
1670856914,1.015,0.092
1670856914,1.014,0.095
1670856914,1.013,0.099
1670856914,1.016,0.093
1670856914,1.014,0.098
1670856914,1.015,0.097
1670856914,1.015,0.094
1670856914,1.015,0.095
1670856914,1.018,0.093
1670856914,1.017,0.086
1670856914,1.011,0.095
1670856915,1.014,0.091
1670856915,1.014,0.094
1670856915,1.019,0.088
1670856915,1.018,0.085
1670856915,1.016,0.086
1670856915,1.013,0.083
1670856915,1.016,0.092
1670856915,1.016,0.088
1670856915,1.015,0.096
1670856915,1.012,0.097
1670856915,1.015,0.089
1670856915,1.014,0.092
1670856915,1.014,0.097
1670856915,1.013,0.096
1670856915,1.012,0.094
1670856915,1.014,0.092
1670856915,1.017,0.099
1670856915,1.013,0.088
1670856915,1.014,0.098
1670856915,1.016,0.091
1670856916,1.013,0.105
1670856916,1.015,0.091
1670856916,1.016,0.089
1670856916,1.014,0.091
1670856916,1.017,0.091
1670856916,1.014,0.089
1670856916,1.017,0.091
1670856916,1.013,0.096
1670856916,1.017,0.088
1670856916,1.016,0.087
1670856916,1.013,0.098
1670856916,1.014,0.102
1670856916,1.017,0.086
1670856916,1.012,0.091
1670856916,1.012,0.092
1670856916,1.017,0.089
1670856916,1.016,0.097
1670856916,1.015,0.096
1670856916,1.014,0.094
1670856916,1.017,0.093
1670856917,1.015,0.1
1670856917,1.017,0.086
1670856917,1.014,0.09
1670856917,1.011,0.096
1670856917,1.017,0.093
1670856917,1.012,0.081
1670856917,1.012,0.094
1670856917,1.013,0.093
1670856917,1.013,0.096
1670856917,1.017,0.09
1670856917,1.015,0.086
1670856917,1.015,0.096
1670856917,1.016,0.099
1670856917,1.015,0.099
1670856917,1.017,0.087
1670856917,1.012,0.095
1670856917,1.013,0.094
1670856917,1.013,0.09
1670856917,1.015,0.099
1670856917,1.013,0.094
1670856918,1.013,0.099
1670856918,1.015,0.094
1670856918,1.015,0.097
1670856918,1.016,0.091
1670856918,1.018,0.091
1670856918,1.017,0.101
1670856918,1.014,0.093
1670856918,1.014,0.093
1670856918,1.014,0.091
1670856918,1.014,0.093
1670856918,1.018,0.091
1670856918,1.017,0.086
1670856918,1.015,0.101
1670856918,1.016,0.089
1670856918,1.014,0.095
1670856918,1.015,0.092
1670856918,1.016,0.091
1670856918,1.014,0.094
1670856918,1.015,0.099
1670856918,1.016,0.103
1670856919,1.015,0.089
1670856919,1.018,0.097
1670856919,1.014,0.09
1670856919,1.016,0.086
1670856919,1.015,0.092
1670856919,1.015,0.089
1670856919,1.015,0.089
1670856919,1.015,0.101
1670856919,1.016,0.093
1670856919,1.017,0.094
1670856919,1.016,0.09
1670856919,1.018,0.098
1670856919,1.015,0.087
1670856919,1.018,0.095
1670856919,1.016,0.094
1670856919,1.015,0.093
1670856919,1.015,0.103
1670856919,1.014,0.105
1670856919,1.014,0.098
1670856919,1.016,0.099
1670856920,1.016,0.083
1670856920,1.016,0.096
1670856920,1.013,0.094
1670856920,1.015,0.097
1670856920,1.016,0.095
1670856920,1.016,0.087
1670856920,1.015,0.095
1670856920,1.017,0.089
1670856920,1.012,0.101
1670856920,1.016,0.094
1670856920,1.014,0.095
1670856920,1.015,0.091
1670856920,1.015,0.087
1670856920,1.019,0.101
1670856920,1.015,0.095
1670856920,1.017,0.096
1670856920,1.015,0.095
1670856920,1.013,0.092
1670856920,1.014,0.092
1670856920,1.016,0.09
1670856921,1.014,0.091
1670856921,1.015,0.092
1670856921,1.015,0.091
1670856921,1.011,0.089
1670856921,1.016,0.091
1670856921,1.016,0.087
1670856921,1.014,0.1
1670856921,1.019,0.083
1670856921,1.016,0.09
1670856921,1.017,0.093
1670856921,1.015,0.094
1670856921,1.016,0.093
1670856921,1.014,0.096
1670856921,1.013,0.094
1670856921,1.015,0.09
1670856921,1.015,0.089
1670856921,1.014,0.089
1670856921,1.015,0.095
1670856921,1.016,0.096
1670856921,1.016,0.093
1670856922,1.015,0.097
1670856922,1.015,0.09
1670856922,1.015,0.097
1670856922,1.012,0.094
1670856922,1.015,0.093
1670856922,1.016,0.089
1670856922,1.014,0.091
1670856922,1.014,0.098
1670856922,1.019,0.094
1670856922,1.014,0.09
1670856922,1.014,0.088
1670856922,1.018,0.094
1670856922,1.015,0.096
1670856922,1.016,0.089
1670856922,1.016,0.096
1670856922,1.015,0.085
1670856922,1.018,0.09
1670856922,1.015,0.096
1670856922,1.014,0.099
1670856922,1.014,0.093
1670856923,1.015,0.09
1670856923,1.011,0.095
1670856923,1.013,0.1
1670856923,1.016,0.096
1670856923,1.014,0.101
1670856923,1.015,0.099
1670856923,1.016,0.083
1670856923,1.016,0.094
1670856923,1.015,0.086
1670856923,1.016,0.102
1670856923,1.014,0.092
1670856923,1.014,0.095
1670856923,1.013,0.087
1670856923,1.017,0.1
1670856923,1.015,0.09
1670856923,1.013,0.088
1670856923,1.016,0.095
1670856923,1.013,0.093
1670856923,1.015,0.083
1670856923,1.019,0.097
1670856924,1.015,0.092
1670856924,1.016,0.089
1670856924,1.016,0.084
1670856924,1.014,0.095
1670856924,1.014,0.083
1670856924,1.017,0.094
1670856924,1.015,0.094
1670856924,1.018,0.09
1670856924,1.017,0.102
1670856924,1.015,0.1
1670856924,1.013,0.092
1670856924,1.013,0.084
1670856924,1.014,0.092
1670856924,1.015,0.091
1670856924,1.013,0.092
1670856924,1.013,0.09
1670856924,1.017,0.094
1670856924,1.013,0.1
1670856924,1.015,0.089
1670856924,1.016,0.097
1670856925,1.017,0.085
1670856925,1.012,0.096
1670856925,1.018,0.098
1670856925,1.013,0.095
1670856925,1.016,0.087
1670856925,1.014,0.088
1670856925,1.015,0.087
1670856925,1.014,0.089
1670856925,1.014,0.093
1670856925,1.01,0.084
1670856925,1.013,0.093
1670856925,1.015,0.088
1670856925,1.015,0.097
1670856925,1.016,0.095
1670856925,1.016,0.091
1670856925,1.017,0.093
1670856925,1.013,0.097
1670856925,1.016,0.09
1670856925,1.014,0.09
1670856925,1.016,0.093
1670856926,1.015,0.092
1670856926,1.014,0.092
1670856926,1.013,0.089
1670856926,1.014,0.09
1670856926,1.013,0.094
1670856926,1.014,0.085
1670856926,1.015,0.093
1670856926,1.014,0.09
1670856926,1.015,0.084
1670856926,1.012,0.09
1670856926,1.012,0.093
1670856926,1.016,0.092
1670856926,1.013,0.095
1670856926,1.016,0.095
1670856926,1.015,0.093
1670856926,1.017,0.093
1670856926,1.012,0.09
1670856926,1.017,0.086
1670856926,1.013,0.09
1670856926,1.015,0.091
1670856927,1.012,0.086
1670856927,1.016,0.092
1670856927,1.016,0.094
1670856927,1.013,0.088
1670856927,1.013,0.09
1670856927,1.015,0.095
1670856927,1.018,0.08
1670856927,1.016,0.09
1670856927,1.015,0.088
1670856927,1.014,0.093
1670856927,1.026,0.099
1670856927,1.015,0.092
1670856927,1.016,0.092
1670856927,1.014,0.094
1670856927,1.018,0.085
1670856927,1.015,0.084
1670856927,1.017,0.091
1670856927,1.015,0.094
1670856927,1.014,0.089
1670856927,1.015,0.096
1670856928,1.018,0.093
1670856928,1.012,0.091
1670856928,1.017,0.082
1670856928,1.015,0.09
1670856928,1.017,0.093
1670856928,1.011,0.089
1670856928,1.016,0.094
1670856928,1.014,0.092
1670856928,1.016,0.1
1670856928,1.016,0.096
1670856928,1.021,0.089
1670856928,1.011,0.095
1670856928,1.016,0.082
1670856928,1.014,0.09
1670856928,1.013,0.096
1670856928,1.015,0.096
1670856928,1.019,0.085
1670856928,1.014,0.09
1670856928,1.019,0.094
1670856928,1.02,0.091
1670856929,1.014,0.098
1670856929,1.015,0.09
1670856929,1.016,0.096
1670856929,1.017,0.092
1670856929,1.016,0.088
1670856929,1.017,0.089
1670856929,1.013,0.09
1670856929,1.013,0.098
1670856929,1.017,0.087
1670856929,1.014,0.097
1670856929,1.013,0.096
1670856929,1.014,0.097
1670856929,1.014,0.095
1670856929,1.013,0.091
1670856929,1.015,0.088
1670856929,1.016,0.088
1670856929,1.013,0.096
1670856929,1.016,0.1
1670856929,1.015,0.098
1670856929,1.015,0.091
1670856930,1.014,0.091
1670856930,1.014,0.102
1670856930,1.017,0.097
1670856930,1.013,0.093
1670856930,1.016,0.091
1670856930,1.012,0.092
1670856930,1.014,0.085
1670856930,1.015,0.09
1670856930,1.015,0.102
1670856930,1.016,0.094
1670856930,1.016,0.084
1670856930,1.016,0.102
1670856930,1.016,0.1
1670856930,1.014,0.094
1670856930,1.014,0.087
1670856930,1.016,0.097
1670856930,1.014,0.088
1670856930,1.018,0.093
1670856930,1.018,0.094
1670856930,1.015,0.09
1670856931,1.019,0.097
1670856931,1.016,0.101
1670856931,1.014,0.092
1670856931,1.017,0.097
1670856931,1.014,0.09
1670856931,1.014,0.089
1670856931,1.014,0.092
1670856931,1.016,0.086
1670856931,1.015,0.094
1670856931,1.015,0.089
1670856931,1.017,0.094
1670856931,1.014,0.096
1670856931,1.014,0.095
1670856931,1.015,0.094
1670856931,1.017,0.091
1670856931,1.016,0.084
1670856931,1.014,0.09
1670856931,1.016,0.094
1670856931,1.015,0.091
1670856931,1.017,0.089
1670856932,1.015,0.088
1670856932,1.013,0.09
1670856932,1.017,0.096
1670856932,1.017,0.09
1670856932,1.015,0.095
1670856932,1.015,0.087
1670856932,1.014,0.09
1670856932,1.014,0.092
1670856932,1.015,0.082
1670856932,1.013,0.093
1670856932,1.018,0.092
1670856932,1.011,0.092
1670856932,1.012,0.1
1670856932,1.014,0.097
1670856932,1.013,0.097
1670856932,1.014,0.086
1670856932,1.016,0.091
1670856932,1.013,0.087
1670856932,1.013,0.097
1670856932,1.015,0.093
1670856933,1.017,0.093
1670856933,1.013,0.097
1670856933,1.015,0.097
1670856933,1.015,0.092
1670856933,1.013,0.097
1670856933,1.013,0.091
1670856933,1.016,0.095
1670856933,1.012,0.086
1670856933,1.016,0.094
1670856933,1.016,0.098
1670856933,1.013,0.094
1670856933,1.015,0.087
1670856933,1.018,0.1
1670856933,1.012,0.09
1670856933,1.013,0.091
1670856933,1.017,0.086
1670856933,1.013,0.088
1670856933,1.014,0.1
1670856933,1.013,0.098
1670856933,1.016,0.101
1670856934,1.011,0.088
1670856934,1.016,0.096
1670856934,1.016,0.099
1670856934,1.014,0.094
1670856934,1.017,0.088
1670856934,1.016,0.092
1670856934,1.014,0.096
1670856934,1.011,0.105
1670856934,1.011,0.102
1670856934,1.015,0.094
1670856934,1.016,0.091
1670856934,1.018,0.095
1670856934,1.013,0.092
1670856934,1.02,0.09
1670856934,1.015,0.102
1670856934,1.012,0.094
1670856934,1.012,0.092
1670856934,1.017,0.092
1670856934,1.013,0.101
1670856934,1.015,0.097
1670856935,1.016,0.097
1670856935,1.015,0.09
1670856935,1.009,0.099
1670856935,1.015,0.084
1670856935,1.014,0.095
1670856935,1.016,0.093
1670856935,1.017,0.095
1670856935,1.013,0.093
1670856935,1.014,0.094
1670856935,1.018,0.09
1670856935,1.014,0.095
1670856935,1.011,0.103
1670856935,1.015,0.092
1670856935,1.019,0.096
1670856935,1.015,0.089
1670856935,1.011,0.097
1670856935,1.017,0.096
1670856935,1.017,0.098
1670856935,1.014,0.093
1670856935,1.015,0.086
1670856936,1.016,0.084
1670856936,1.016,0.084
1670856936,1.015,0.089
1670856936,1.018,0.093
1670856936,1.017,0.094
1670856936,1.016,0.098
1670856936,1.015,0.095
1670856936,1.015,0.105
1670856936,1.014,0.064
1670856936,1.009,0.093
1670856936,1.014,0.084
1670856936,1.015,0.099
1670856936,1.013,0.112
1670856936,1.017,0.083
1670856936,1.017,0.088
1670856936,1.011,0.093
1670856936,1.015,0.088
1670856936,1.013,0.086
1670856936,1.018,0.09
1670856936,1.016,0.109
1670856937,1.013,0.079
1670856937,1.018,0.107
1670856937,1.016,0.093
1670856937,1.018,0.094
1670856937,1.015,0.096
1670856937,1.014,0.082
1670856937,1.014,0.104
1670856937,1.015,0.096
1670856937,1.012,0.08
1670856937,1.014,0.118
1670856937,1.016,0.091
1670856937,1.015,0.057
1670856937,1.013,0.105
1670856937,1.014,0.082
1670856937,1.015,0.1
1670856937,1.015,0.09
1670856937,1.016,0.111
1670856937,1.016,0.103
1670856937,1.018,0.107
1670856937,1.013,0.028
1670856938,1.018,0.116
1670856938,1.016,0.095
1670856938,1.017,0.068
1670856938,1.015,0.075
1670856938,1.019,0.078
1670856938,1.015,0.119
1670856938,1.015,0.102
1670856938,1.02,0.107
1670856938,1.016,0.119
1670856938,1.018,0.097
1670856938,1.023,0.093
1670856938,1.015,0.117
1670856938,1.015,0.072
1670856938,1.014,0.081
1670856938,1.015,0.083
1670856938,1.015,0.126
1670856938,1.014,0.055
1670856938,1.015,0.08
1670856938,1.015,0.09
1670856938,1.013,0.071
1670856939,1.013,0.091
1670856939,1.013,0.119
1670856939,1.015,0.081
1670856939,1.013,0.086
1670856939,1.018,0.11
1670856939,1.013,0.081
1670856939,1.018,0.097
1670856939,1.016,0.112
1670856939,1.014,0.11
1670856939,1.012,0.056
1670856939,1.017,0.066
1670856939,1.017,0.139
1670856939,1.016,0.075
1670856939,1.017,0.076
1670856939,1.017,0.073
1670856939,1.011,0.094
1670856939,1.014,0.072
1670856939,1.014,0.108
1670856939,1.017,0.129
1670856939,1.017,0.112
1670856940,1.015,0.071
1670856940,1.016,0.097
1670856940,1.014,0.055
1670856940,1.017,0.133
1670856940,1.015,0.095
1670856940,1.016,0.147
1670856940,1.014,0.065
1670856940,1.015,0.082
1670856940,1.017,0.062
1670856940,1.017,0.143
1670856940,1.017,0.115
1670856940,1.021,0.144
1670856940,1.014,0.134
1670856940,1.017,0.151
1670856940,1.014,0.127
1670856940,1.017,0.13
1670856940,1.017,0.104
1670856940,1.017,0.102
1670856940,1.014,0.055
1670856940,1.015,0.081
1670856941,1.015,0.095
1670856941,1.015,0.081
1670856941,1.018,0.136
1670856941,1.017,0.075
1670856941,1.011,0.059
1670856941,1.016,0.124
1670856941,1.014,0.024
1670856941,1.017,0.1
1670856941,1.016,0.117
1670856941,1.015,0.105
1670856941,1.014,0.057
1670856941,1.016,0.005
1670856941,1.015,0.075
1670856941,1.015,0.103
1670856941,1.015,0.091
1670856941,1.017,0.082
1670856941,1.015,0.081
1670856941,1.015,0.103
1670856941,1.018,0.096
1670856941,1.014,0.113
1670856942,1.016,0.089
1670856942,1.016,0.125
1670856942,1.016,0.099
1670856942,1.015,0.105
1670856942,1.156,0.095
1670856942,2.456,0.087
1670856942,2.449,0.106
1670856942,2.449,0.102
1670856942,2.45,0.099
1670856942,2.447,0.07
1670856942,2.45,0.071
1670856942,2.452,0.108
1670856942,2.449,0.075
1670856942,2.448,0.095
1670856942,2.451,0.083
1670856942,2.448,0.069
1670856942,2.45,0.061
1670856942,2.449,0.092
1670856942,2.307,0.096
1670856942,1.014,0.095
1670856943,1.014,0.086
1670856943,1.016,0.078
1670856943,1.019,0.099
1670856943,1.017,0.09
1670856943,1.016,4.462
1670856943,1.013,8.211
1670856943,1.015,8.214
1670856943,1.013,8.207
1670856943,1.014,8.218
1670856943,1.013,8.211
1670856943,1.014,8.213
1670856943,1.014,8.217
1670856943,1.013,8.215
1670856943,1.014,8.213
1670856943,1.013,8.209
1670856943,1.013,8.216
1670856943,1.012,2.695
1670856943,1.013,0.091
1670856943,1.017,0.088
1670856943,1.016,0.095
1670856944,1.014,0.091
1670856944,1.013,0.089
1670856944,1.012,0.094
1670856944,1.016,0.097
1670856944,1.015,0.098
1670856944,1.012,0.098
1670856944,1.017,0.099
1670856944,1.016,0.092
1670856944,1.014,0.096
1670856944,1.017,0.089
1670856944,1.849,0.096
1670856944,2.451,0.087
1670856944,2.448,0.092
1670856944,2.448,0.094
1670856944,2.449,0.091
1670856944,2.451,0.091
1670856944,2.449,0.091
1670856944,2.451,0.088
1670856944,2.447,0.092
1670856944,2.451,0.093
1670856945,2.449,0.089
1670856945,2.448,0.095
1670856945,2.446,0.1
1670856945,2.45,0.091
1670856945,2.394,0.092
1670856945,1.012,0.092
1670856945,1.013,0.086
1670856945,1.015,0.092
1670856945,1.014,0.096
1670856945,1.012,0.084
1670856945,1.018,7.725
1670856945,1.014,8.212
1670856945,1.014,8.21
1670856945,1.557,8.219
1670856945,2.446,8.209
1670856945,2.448,8.216
1670856945,2.45,8.212
1670856945,2.45,8.218
1670856945,2.448,8.208
1670856945,2.449,8.215
1670856946,2.448,8.211
1670856946,2.448,8.22
1670856946,2.45,7.728
1670856946,2.45,0.092
1670856946,2.451,0.087
1670856946,2.453,0.093
1670856946,2.45,0.093
1670856946,2.447,0.087
1670856946,1.638,0.101
1670856946,1.016,0.098
1670856946,1.013,0.094
1670856946,1.017,0.09
1670856946,1.014,0.094
1670856946,1.011,4.297
1670856946,1.011,8.214
1670856946,1.015,8.21
1670856946,1.014,8.215
1670856946,1.014,8.221
1670856946,1.015,8.207
1670856946,1.016,8.219
1670856947,1.014,8.218
1670856947,1.014,8.219
1670856947,1.011,8.225
1670856947,1.017,8.217
1670856947,1.012,8.213
1670856947,1.014,8.213
1670856947,1.016,0.256
1670856947,1.013,0.094
1670856947,1.017,0.092
1670856947,1.013,0.094
1670856947,1.014,0.09
1670856947,1.012,0.093
1670856947,1.013,0.096
1670856947,1.014,0.097
1670856947,1.015,0.092
1670856947,1.015,0.096
1670856947,1.014,0.096
1670856947,1.015,0.091
1670856947,1.014,0.089
1670856947,1.015,0.089
1670856948,1.014,0.093
1670856948,1.017,0.086
1670856948,1.016,0.097
1670856948,1.015,0.096
1670856948,1.017,0.083
1670856948,1.014,0.086
1670856948,1.014,0.097
1670856948,1.016,0.09
1670856948,1.016,0.088
1670856948,1.013,0.091
1670856948,1.017,0.096
1670856948,1.016,0.092
1670856948,1.015,0.099
1670856948,1.012,0.095
1670856948,1.012,0.093
1670856948,1.013,0.088
1670856948,1.014,0.094
1670856948,1.013,0.093
1670856948,1.013,0.093
1670856948,1.015,0.09
1670856949,1.019,0.103
1670856949,1.011,0.096
1670856949,1.014,0.095
1670856949,1.016,0.096
1670856949,1.015,0.09
1670856949,1.016,0.091
1670856949,1.016,0.094
1670856949,1.013,0.093
1670856949,1.014,0.102
1670856949,1.014,0.088
1670856949,1.015,0.098
1670856949,1.015,0.094
1670856949,1.016,0.103
1670856949,1.013,0.097
1670856949,1.016,0.083
1670856949,1.012,0.093
1670856949,1.015,0.093
1670856949,1.013,0.093
1670856949,1.015,0.093
1670856949,1.012,0.097
1670856950,1.012,0.09
1670856950,1.012,0.095
1670856950,1.016,0.092
1670856950,1.015,0.099
1670856950,1.015,0.095
1670856950,1.014,0.09
1670856950,1.019,0.086
1670856950,1.016,0.086
1670856950,1.016,0.101
1670856950,1.016,0.085
1670856950,1.016,0.096
1670856950,1.014,0.098
1670856950,1.015,0.1
1670856950,1.016,0.094
1670856950,1.018,0.095
1670856950,1.014,0.095
1670856950,1.017,0.093
1670856950,1.015,0.088
1670856950,1.017,0.087
1670856950,1.015,0.091
1670856951,1.01,0.101
1670856951,1.015,0.088
1670856951,1.016,0.086
1670856951,1.013,0.095
1670856951,1.016,0.09
1670856951,1.014,0.092
1670856951,1.016,0.094
1670856951,1.017,0.092
1670856951,1.015,0.092
1670856951,1.015,0.093
1670856951,1.014,0.091
1670856951,1.016,0.084
1670856951,1.015,0.099
1670856951,1.013,0.091
1670856951,1.012,0.092
1670856951,1.015,0.09
1670856951,1.017,0.093
1670856951,1.017,0.09
1670856951,1.019,0.092
1670856951,1.016,0.089
1670856952,1.013,0.092
1670856952,1.015,0.093
1670856952,1.016,0.086
1670856952,1.016,0.095
1670856952,1.015,0.094
1670856952,1.016,0.089
1670856952,1.014,0.099
1670856952,1.017,0.094
1670856952,1.014,0.097
1670856952,1.015,0.094
1670856952,1.016,0.091
1670856952,1.016,0.088
1670856952,1.017,0.096
1670856952,1.018,0.096
1670856952,1.018,0.086
1670856952,1.017,0.096
1670856952,1.014,0.097
1670856952,1.018,0.096
1670856952,1.016,0.112
1670856952,1.013,0.102
1670856953,1.017,0.104
1670856953,1.014,0.08
1670856953,1.016,0.113
1670856953,1.017,0.113
1670856953,1.015,0.104
1670856953,1.016,0.096
1670856953,1.018,0.094
1670856953,1.015,0.097
1670856953,1.016,0.103
1670856953,1.016,0.099
1670856953,1.015,0.099
1670856953,1.015,0.078
1670856953,1.019,0.126
1670856953,1.018,0.097
1670856953,1.015,0.068
1670856953,1.018,0.093
1670856953,1.014,0.098
1670856953,1.016,0.103
1670856953,1.017,0.117
1670856953,1.015,0.106
1670856954,1.018,0.098
1670856954,1.015,0.116
1670856954,1.015,0.124
1670856954,1.017,0.075
1670856954,1.018,0.088
1670856954,1.016,0.085
1670856954,1.016,0.08
1670856954,1.019,0.142
1670856954,1.017,0.126
1670856954,1.017,0.053
1670856954,1.017,0.097
1670856954,1.014,0.091
1670856954,1.016,0.085
1670856954,1.016,0.062
1670856954,1.016,0.047
1670856954,1.015,0.094
1670856954,1.016,0.118
1670856954,1.013,0.099
1670856954,1.016,0.129
1670856954,1.015,0.073
1670856955,1.017,0.078
1670856955,1.014,0.109
1670856955,1.016,0.088
1670856955,1.015,0.065
1670856955,1.014,0.087
1670856955,1.015,0.118
1670856955,1.014,0.113
1670856955,1.012,0.029
1670856955,1.009,0.071
1670856955,1.012,0.08
1670856955,1.013,0.086
1670856955,1.018,0.1
1670856955,1.016,0.11
1670856955,1.014,0.082
1670856955,1.016,0.11
1670856955,1.017,0.12
1670856955,1.017,0.111
1670856955,1.016,0.107
1670856955,1.018,0.095
1670856955,1.02,0.112
1670856956,1.016,0.1
1670856956,1.014,0.078
1670856956,1.017,0.116
1670856956,1.013,0.09
1670856956,1.015,0.12
1670856956,1.018,0.074
1670856956,1.018,0.114
1670856956,1.018,0.097
1670856956,1.015,0.078
1670856956,1.013,0.079
1670856956,1.015,0.109
1670856956,1.017,0.097
1670856956,1.019,0.127
1670856956,1.014,0.05
1670856956,1.017,0.111
1670856956,1.017,0.081
1670856956,1.015,0.08
1670856956,1.017,0.12
1670856956,1.016,0.089
1670856956,1.018,0.151
1670856957,1.017,0.038
1670856957,1.016,0.112
1670856957,1.016,0.166
1670856957,1.012,0.057
1670856957,1.015,0.104
1670856957,1.017,0.117
1670856957,1.016,0.083
1670856957,1.016,0.05
1670856957,1.018,0.069
1670856957,1.004,-0.089
1670856957,1.015,0.073
1670856957,1.017,0.06
1670856957,1.016,0.115
1670856957,1.017,0.092
1670856957,1.012,0.042
1670856957,1.019,0.15
1670856957,1.016,0.145
1670856957,1.015,0.073
1670856957,1.014,0.099
1670856957,1.015,0.054
1670856958,1.017,0.081
1670856958,1.014,0.038
1670856958,1.015,0.079
1670856958,1.017,0.081
1670856958,1.015,0.077
1670856958,1.014,0.082
1670856958,1.014,0.111
1670856958,1.013,0.096
1670856958,1.013,0.096
1670856958,1.016,0.103
1670856958,1.015,0.054
1670856958,1.014,0.111
1670856958,1.014,0.082
1670856958,1.015,0.079
1670856958,1.015,0.064
1670856958,1.017,0.078
1670856958,1.013,0.081
1670856958,1.012,0.093
1670856958,1.016,0.092
1670856958,1.013,0.074
1670856959,1.01,0.075
1670856959,1.013,0.1
1670856959,1.014,0.084
1670856959,1.018,0.123
1670856959,1.016,0.111
1670856959,1.016,0.091
1670856959,1.015,0.08
1670856959,1.013,0.092
1670856959,1.014,0.093
1670856959,1.016,0.08
1670856959,1.022,0.055
1670856959,1.016,0.097
1670856959,1.016,0.091
1670856959,1.015,0.098
1670856959,1.014,0.089
1670856959,1.013,0.092
1670856959,1.013,0.085
1670856959,1.016,0.097
1670856959,1.014,0.095
1670856959,1.014,0.096
1670856960,1.014,0.088
1670856960,1.017,0.091
1670856960,1.012,0.089
1670856960,1.014,0.088
1670856960,1.014,0.092
1670856960,1.015,0.095
1670856960,1.013,0.089
1670856960,1.011,0.088
1670856960,1.015,0.093
1670856960,1.015,0.097
1670856960,1.013,0.092
1670856960,1.015,0.085
1670856960,1.017,0.085
1670856960,1.015,0.091
1670856960,1.017,0.092
1670856960,1.014,0.095
1670856960,1.015,0.09
1670856960,1.013,0.089
1670856960,1.013,0.094
1670856960,1.015,0.099
1670856961,1.015,0.089
1670856961,1.016,0.093
1670856961,1.015,0.078
1670856961,1.016,0.096
1670856961,1.018,0.095
1670856961,1.014,0.092
1670856961,1.016,0.093
1670856961,1.016,0.097
1670856961,1.017,0.088
1670856961,1.015,0.092
1670856961,1.016,0.09
1670856961,1.014,0.097
1670856961,1.016,0.094
1670856961,1.016,0.088
1670856961,1.012,0.091
1670856961,1.019,0.09
1670856961,1.016,0.1
1670856961,1.017,0.093
1670856961,1.014,0.097
1670856961,1.016,0.098
1670856962,1.017,0.086
1670856962,1.017,0.091
1670856962,1.014,0.087
1670856962,1.014,0.096
1670856962,1.017,0.103
1670856962,1.015,0.093
1670856962,1.018,0.088
1670856962,1.015,0.093
1670856962,1.016,0.091
1670856962,1.011,0.096
1670856962,1.013,0.091
1670856962,1.015,0.096
1670856962,1.014,0.099
1670856962,1.014,0.099
1670856962,1.015,0.093
1670856962,1.015,0.091
1670856962,1.015,0.095
1670856962,1.014,0.09
1670856962,1.013,0.093
1670856962,1.014,0.088
1670856963,1.017,0.086
1670856963,1.012,0.092
1670856963,1.014,0.095
1670856963,1.012,0.088
1670856963,1.015,0.088
1670856963,1.015,0.092
1670856963,1.019,0.095
1670856963,1.014,0.081
1670856963,1.016,0.094
1670856963,1.016,0.093
1670856963,1.015,0.096
1670856963,1.018,0.089
1670856963,1.017,0.087
1670856963,1.013,0.094
1670856963,1.017,0.09
1670856963,1.015,0.086
1670856963,1.015,0.094
1670856963,1.016,0.091
1670856963,1.017,0.103
1670856963,1.017,0.088
1670856964,1.014,0.091
1670856964,1.015,0.092
1670856964,1.014,0.089
1670856964,1.013,0.073
1670856964,1.018,0.125
1670856964,1.013,0.065
1670856964,1.019,0.17
1670856964,1.014,0.085
1670856964,1.012,0.103
1670856964,1.016,0.084
1670856964,1.018,0.109
1670856964,1.019,0.079
1670856964,1.014,0.107
1670856964,1.016,0.094
1670856964,1.015,0.098
1670856964,1.015,0.093
1670856964,1.011,0.09
1670856964,1.015,0.09
1670856964,1.013,0.093
1670856964,1.018,0.1
1670856965,1.014,0.108
1670856965,1.015,0.091
1670856965,1.019,0.092
1670856965,1.017,0.098
1670856965,1.014,0.094
1670856965,1.016,0.098
1670856965,1.013,0.098
1670856965,1.014,0.087
1670856965,1.016,0.1
1670856965,1.015,0.086
1670856965,1.016,0.102
1670856965,1.015,0.09
1670856965,1.014,0.084
1670856965,1.016,0.102
1670856965,1.016,0.097
1670856965,1.013,0.089
1670856965,1.018,0.086
1670856965,1.015,0.092
1670856965,1.016,0.088
1670856965,1.013,0.093
1670856966,1.012,0.094
1670856966,1.02,0.091
1670856966,1.015,0.094
1670856966,1.015,0.093
1670856966,1.014,0.09
1670856966,1.016,0.084
1670856966,1.016,0.09
1670856966,1.015,0.1
1670856966,1.011,0.106
1670856966,1.012,0.093
1670856966,1.012,0.093
1670856966,1.013,0.091
1670856966,1.015,0.09
1670856966,1.015,0.083
1670856966,1.014,0.096
1670856966,1.016,0.099
1670856966,1.018,0.086
1670856966,1.014,0.093
1670856966,1.015,0.092
1670856966,1.013,0.095
1670856967,1.016,0.085
1670856967,1.014,0.088
1670856967,1.014,0.083
1670856967,1.015,0.092
1670856967,1.015,0.086
1670856967,1.015,0.094
1670856967,1.014,0.091
1670856967,1.016,0.086
1670856967,1.016,0.098
1670856967,1.015,0.091
1670856967,1.014,0.094
1670856967,1.012,0.097
1670856967,1.018,0.101
1670856967,1.017,0.089
1670856967,1.017,0.09
1670856967,1.013,0.092
1670856967,1.012,0.099
1670856967,1.017,0.088
1670856967,1.014,0.097
1670856967,1.017,0.093
1670856968,1.018,0.097
1670856968,1.015,0.094
1670856968,1.014,0.089
1670856968,1.017,0.091
1670856968,1.013,0.088
1670856968,1.015,0.092
1670856968,1.013,0.094
1670856968,1.015,0.093
1670856968,1.017,0.094
1670856968,1.017,0.079
1670856968,1.014,0.097
1670856968,1.016,0.095
1670856968,1.017,0.095
1670856968,1.017,0.092
1670856968,1.015,0.092
1670856968,1.014,0.092
1670856968,1.015,0.094
1670856968,1.016,0.096
1670856968,1.015,0.095
1670856968,1.012,0.088
1670856969,1.014,0.088
1670856969,1.013,0.085
1670856969,1.016,0.091
1670856969,1.019,0.094
1670856969,1.012,0.095
1670856969,1.018,0.1
1670856969,1.014,0.094
1670856969,1.018,0.102
1670856969,1.012,0.086
1670856969,1.016,0.083
1670856969,1.017,0.101
1670856969,1.02,0.098
1670856969,1.017,0.122
1670856969,1.014,0.115
1670856969,1.013,0.081
1670856969,1.019,0.099
1670856969,1.016,0.077
1670856969,1.017,0.081
1670856969,1.015,0.099
1670856969,1.016,0.086
1670856970,1.019,0.075
1670856970,1.015,0.098
1670856970,1.012,0.089
1670856970,1.017,0.064
1670856970,1.017,0.102
1670856970,1.016,0.078
1670856970,1.013,0.096
1670856970,1.016,0.086
1670856970,1.019,0.113
1670856970,1.013,0.08
1670856970,1.011,-0.078
1670856970,1.015,0.081
1670856970,1.015,0.086
1670856970,1.016,0.096
1670856970,1.014,0.089
1670856970,1.019,0.119
1670856970,1.016,0.075
1670856970,1.018,0.13
1670856970,1.015,0.078
1670856970,1.014,0.09
1670856971,1.015,0.083
1670856971,1.016,0.107
1670856971,1.017,0.052
1670856971,1.015,0.082
1670856971,1.016,0.132
1670856971,1.017,0.112
1670856971,1.015,0.076
1670856971,1.018,0.069
1670856971,1.018,0.113
1670856971,1.015,0.108
1670856971,1.021,0.095
1670856971,1.017,0.078
1670856971,1.017,0.109
1670856971,1.012,0.033
1670856971,1.016,0.057
1670856971,1.014,0.086
1670856971,1.018,0.098
1670856971,1.013,0.064
1670856971,1.016,0.099
1670856971,1.017,0.09
1670856972,1.014,0.125
1670856972,1.014,0.065
1670856972,1.015,0.088
1670856972,1.014,0.09
1670856972,1.013,0.104
1670856972,1.015,0.081
1670856972,1.017,0.072
1670856972,1.015,0.104
1670856972,1.016,0.096
1670856972,1.014,0.063
1670856972,1.016,0.089
1670856972,1.026,0.139
1670856972,1.012,0.042
1670856972,1.016,0.1
1670856972,1.013,0.053
1670856972,1.015,0.086
1670856972,1.016,0.065
1670856972,1.014,0.099
1670856972,1.017,0.086
1670856972,1.014,0.086
1670856973,1.014,0.065
1670856973,1.019,0.176
1670856973,1.013,0.055
1670856973,1.015,0.101
1670856973,1.015,0.084
1670856973,1.015,0.088
1670856973,1.016,0.153
1670856973,1.013,0.06
1670856973,1.014,0.085
1670856973,1.015,0.107
1670856973,1.016,0.048
1670856973,1.016,0.062
1670856973,1.01,0.02
1670856973,1.015,0.088
1670856973,1.014,0.086
1670856973,1.016,0.084
1670856973,1.016,0.082
1670856973,1.015,0.058
1670856973,1.014,0.038
1670856973,1.014,0.096
1670856974,1.015,0.103
1670856974,1.015,0.003
1670856974,1.015,0.091
1670856974,1.014,0.093
1670856974,1.021,0.138
1670856974,1.011,0.027
1670856974,1.015,0.11
1670856974,1.014,0.089
1670856974,1.012,0.044
1670856974,1.016,0.065
1670856974,1.016,0.077
1670856974,1.016,0.084
1670856974,1.015,0.109
1670856974,1.016,0.128
1670856974,1.019,0.089
1670856974,1.017,0.11
1670856974,1.016,0.127
1670856974,1.015,0.084
1670856974,1.016,0.098
1670856974,1.017,0.074
1670856975,1.018,0.116
1670856975,1.015,0.095
1670856975,1.014,0.054
1670856975,1.015,0.088
1670856975,1.012,0.07
1670856975,1.015,0.104
1670856975,1.016,0.113
1670856975,1.019,0.102
1670856975,1.018,0.108
1670856975,1.015,0.087
1670856975,1.017,0.107
1670856975,1.014,0.082
1670856975,1.016,0.077
1670856975,1.014,0.071
1670856975,1.014,0.091
1670856975,1.016,0.086
1670856975,1.014,0.093
1670856975,1.013,0.103
1670856975,1.012,0.097
1670856975,1.013,0.094
1670856976,1.018,0.097
1670856976,1.016,0.092
1670856976,1.012,0.08
1670856976,1.016,0.094
1670856976,1.013,0.093
1670856976,1.019,0.093
1670856976,1.015,0.091
1670856976,1.016,0.096
1670856976,1.013,0.096
1670856976,1.016,0.094
1670856976,1.017,0.085
1670856976,1.016,0.094
1670856976,1.013,0.098
1670856976,1.014,0.087
1670856976,1.017,0.1
1670856976,1.015,0.088
1670856976,1.016,0.093
1670856976,1.015,0.097
1670856976,1.018,0.098
1670856976,1.017,0.092
1670856977,1.016,0.089
1670856977,1.015,0.099
1670856977,1.017,0.089
1670856977,1.011,0.086
1670856977,1.016,0.097
1670856977,1.015,0.103
1670856977,1.015,0.092
1670856977,1.015,0.09
1670856977,1.015,0.094
1670856977,1.015,0.1
1670856977,1.015,0.099
1670856977,1.012,0.09
1670856977,1.013,0.093
1670856977,1.015,0.098
1670856977,1.015,0.099
1670856977,1.014,0.088
1670856977,1.015,0.095
1670856977,1.014,0.093
1670856977,1.016,0.094
1670856977,1.017,0.093
1670856978,1.014,0.088
1670856978,1.013,0.095
1670856978,1.015,0.094
1670856978,1.015,0.092
1670856978,1.014,0.087
1670856978,1.016,0.09
1670856978,1.014,0.088
1670856978,1.019,0.081
1670856978,1.019,0.096
1670856978,1.011,0.094
1670856978,1.014,0.086
1670856978,1.012,0.092
1670856978,1.015,0.092
1670856978,1.013,0.097
1670856978,1.016,0.095
1670856978,1.017,0.092
1670856978,1.014,0.086
1670856978,1.017,0.094
1670856978,1.014,0.09
1670856978,1.016,0.093
1670856979,1.017,0.091
1670856979,1.014,0.096
1670856979,1.015,0.097
1670856979,1.014,0.09
1670856979,1.014,0.092
1670856979,1.015,0.101
1670856979,1.013,0.093
1670856979,1.011,0.098
1670856979,1.014,0.096
1670856979,1.011,0.089
1670856979,1.015,0.094
1670856979,1.016,0.099
1670856979,1.016,0.09
1670856979,1.015,0.099
1670856979,1.015,0.093
1670856979,1.018,0.092
1670856979,1.014,0.1
1670856979,1.015,0.092
1670856979,1.009,0.089
1670856979,1.014,0.092
1670856980,1.016,0.09
1670856980,1.015,0.09
1670856980,1.017,0.088
1670856980,1.015,0.089
1670856980,1.015,0.09
1670856980,1.015,0.082
1670856980,1.013,0.084
1670856980,1.015,0.097
1670856980,1.013,0.092
1670856980,1.012,0.097
1670856980,1.013,0.095
1670856980,1.014,0.091
1670856980,1.012,0.099
1670856980,1.015,0.09
1670856980,1.014,0.094
1670856980,1.015,0.093
1670856980,1.013,0.091
1670856980,1.016,0.1
1670856980,1.013,0.091
1670856980,1.013,0.103
1670856981,1.014,0.085
1670856981,1.016,0.087
1670856981,1.015,0.092
1670856981,1.012,0.093
1670856981,1.017,0.086
1670856981,1.016,0.094
1670856981,1.015,0.088
1670856981,1.018,0.084
1670856981,1.017,0.084
1670856981,1.015,0.095
1670856981,1.013,0.082
1670856981,1.016,0.091
1670856981,1.015,0.094
1670856981,1.016,0.086
1670856981,1.015,0.097
1670856981,1.014,0.093
1670856981,1.014,0.091
1670856981,1.014,0.084
1670856981,1.016,0.095
1670856981,1.017,0.088
1670856982,1.014,0.093
1670856982,1.013,0.094
1670856982,1.015,0.101
1670856982,1.013,0.089
1670856982,1.016,0.096
1670856982,1.014,0.085
1670856982,1.017,0.085
1670856982,1.016,0.093
1670856982,1.017,0.097
1670856982,1.017,0.098
1670856982,1.015,0.093
1670856982,1.017,0.092
1670856982,1.015,0.09
1670856982,1.016,0.097
1670856982,1.013,0.098
1670856982,1.014,0.091
1670856982,1.017,0.097
1670856982,1.012,0.094
1670856982,1.016,0.086
1670856982,1.012,0.088
1670856983,1.014,0.086
1670856983,1.015,0.094
1670856983,1.014,0.091
1670856983,1.013,0.085
1670856983,1.015,0.089
1670856983,1.015,0.09
1670856983,1.015,0.087
1670856983,1.017,0.097
1670856983,1.016,0.093
1670856983,1.013,0.09
1670856983,1.016,0.098
1670856983,1.019,0.097
1670856983,1.015,0.091
1670856983,1.014,0.099
1670856983,1.015,0.097
1670856983,1.015,0.088
1670856983,1.011,0.095
1670856983,1.012,0.096
1670856983,1.012,0.097
1670856983,1.014,0.095
1670856984,1.016,0.078
1670856984,1.011,0.087
1670856984,1.014,0.101
1670856984,1.014,0.09
1670856984,1.016,0.09
1670856984,1.016,0.083
1670856984,1.011,0.088
1670856984,1.011,0.088
1670856984,1.014,0.093
1670856984,1.016,0.091
1670856984,1.014,0.09
1670856984,1.016,0.09
1670856984,1.011,0.092
1670856984,1.013,0.094
1670856984,1.014,0.094
1670856984,1.017,0.103
1670856984,1.015,0.089
1670856984,1.018,0.094
1670856984,1.017,0.086
1670856984,1.016,0.094
1670856985,1.012,0.096
1670856985,1.014,0.094
1670856985,1.016,0.09
1670856985,1.015,0.096
1670856985,1.014,0.086
1670856985,1.015,0.096
1670856985,1.013,0.1
1670856985,1.014,0.099
1670856985,1.015,0.099
1670856985,1.016,0.094
1670856985,1.012,0.094
1670856985,1.014,0.08
1670856985,1.014,0.088
1670856985,1.013,0.103
1670856985,1.012,0.088
1670856985,1.016,0.084
1670856985,1.012,0.088
1670856985,1.015,0.085
1670856985,1.015,0.088
1670856985,1.016,0.09
1670856986,1.012,0.096
1670856986,1.017,0.082
1670856986,1.011,0.059
1670856986,1.015,0.074
1670856986,1.017,0.083
1670856986,1.013,0.089
1670856986,1.018,0.096
1670856986,1.018,0.091
1670856986,1.016,0.099
1670856986,1.013,0.052
1670856986,1.012,0.073
1670856986,1.013,0.076
1670856986,1.014,0.092
1670856986,1.016,0.101
1670856986,1.012,0.064
1670856986,1.013,0.101
1670856986,1.016,0.096
1670856986,1.013,0.097
1670856986,1.015,0.091
1670856986,1.013,0.07
1670856987,1.017,0.109
1670856987,1.018,0.103
1670856987,1.016,0.146
1670856987,1.014,0.071
1670856987,1.02,0.13
1670856987,1.016,0.111
1670856987,1.014,0.055
1670856987,1.014,0.105
1670856987,1.016,0.107
1670856987,1.013,0.029
1670856987,1.016,0.127
1670856987,1.014,0.109
1670856987,1.014,0.09
1670856987,1.015,0.048
1670856987,1.012,0.09
1670856987,1.017,0.043
1670856987,1.016,0.093
1670856987,1.019,0.166
1670856987,1.016,0.064
1670856987,1.018,0.068
1670856988,1.012,0.087
1670856988,1.02,0.146
1670856988,1.012,0.097
1670856988,1.014,0.037
1670856988,1.014,0.114
1670856988,1.017,0.118
1670856988,1.02,0.105
1670856988,1.016,0.117
1670856988,1.017,0.068
1670856988,1.015,0.063
1670856988,1.018,0.137
1670856988,1.018,0.117
1670856988,1.013,0.091
1670856988,1.013,0.085
1670856988,1.012,0.106
1670856988,1.012,0.064
1670856988,1.013,0.093
1670856988,1.016,0.07
1670856988,1.016,0.125
1670856988,1.015,0.032
1670856989,1.018,0.132
1670856989,1.013,0.071
1670856989,1.013,0.064
1670856989,1.018,0.094
1670856989,1.017,0.154
1670856989,1.015,0.088
1670856989,1.016,0.108
1670856989,1.017,0.116
1670856989,1.015,0.089
1670856989,1.009,0.16
1670856989,1.013,0.088
1670856989,1.017,0.12
1670856989,1.016,0.122
1670856989,1.014,0.036
1670856989,1.012,0.041
1670856989,1.013,0.064
1670856989,1.018,0.125
1670856989,1.018,0.116
1670856989,1.016,0.093
1670856989,1.017,0.141
1670856990,1.016,0.133
1670856990,1.013,0.107
1670856990,1.019,0.129
1670856990,1.017,0.093
1670856990,1.016,0.079
1670856990,1.014,0.056
1670856990,1.013,0.061
1670856990,1.016,0.128
1670856990,1.018,0.149
1670856990,1.019,0.073
1670856990,1.018,0.13
1670856990,1.015,0.097
1670856990,1.016,0.118
1670856990,1.012,0.082
1670856990,1.014,0.075
1670856990,1.015,0.119
1670856990,1.016,0.061
1670856990,1.015,0.126
1670856990,1.016,0.102
1670856990,1.014,0.067
1670856991,1.016,0.11
1670856991,1.014,0.111
1670856991,1.015,0.102
1670856991,1.016,0.093
1670856991,1.013,0.083
1670856991,1.015,0.101
1670856991,1.018,0.068
1670856991,1.016,0.086
1670856991,1.014,0.051
1670856991,1.015,0.105
1670856991,1.015,0.067
1670856991,1.016,0.095
1670856991,1.018,0.104
1670856991,1.016,0.097
1670856991,1.018,0.097
1670856991,1.016,0.088
1670856991,1.016,0.083
1670856991,1.015,0.092
1670856991,1.017,0.111
1670856991,1.015,0.092
1670856992,1.018,0.106
1670856992,1.017,0.097
1670856992,1.016,0.108
1670856992,1.016,0.089
1670856992,1.016,0.107
1670856992,1.016,0.09
1670856992,1.015,0.084
1670856992,1.017,0.091
1670856992,1.014,0.094
1670856992,1.015,0.093
1670856992,1.015,0.091
1670856992,1.018,0.09
1670856992,1.018,0.099
1670856992,1.015,0.09
1670856992,1.017,0.093
1670856992,1.016,0.094
1670856992,1.013,0.088
1670856992,1.016,0.095
1670856992,1.016,0.087
1670856992,1.018,0.097
1670856993,1.019,0.094
1670856993,1.018,0.102
1670856993,1.018,0.091
1670856993,1.017,0.102
1670856993,1.014,0.089
1670856993,1.015,0.092
1670856993,1.017,0.094
1670856993,1.018,0.095
1670856993,1.013,0.095
1670856993,1.019,0.093
1670856993,1.016,0.09
1670856993,1.013,0.095
1670856993,1.014,0.093
1670856993,1.019,0.093
1670856993,1.016,0.092
1670856993,1.013,0.088
1670856993,1.017,0.093
1670856993,1.013,0.101
1670856993,1.016,0.099
1670856993,1.019,0.088
1670856994,1.011,0.096
1670856994,1.015,0.098
1670856994,1.016,0.094
1670856994,1.014,0.095
1670856994,1.017,0.087
1670856994,1.016,0.091
1670856994,1.015,0.084
1670856994,1.012,0.092
1670856994,1.014,0.093
1670856994,1.011,0.089
1670856994,1.014,0.092
1670856994,1.015,0.098
1670856994,1.012,0.093
1670856994,1.012,0.09
1670856994,1.011,0.094
1670856994,1.014,0.094
1670856994,1.014,0.104
1670856994,1.015,0.096
1670856994,1.015,0.105
1670856994,1.015,0.097
1670856995,1.016,0.093
1670856995,1.014,0.087
1670856995,1.016,0.092
1670856995,1.014,0.096
1670856995,1.018,0.094
1670856995,1.018,0.095
1670856995,1.013,0.097
1670856995,1.017,0.095
1670856995,1.016,0.093
1670856995,1.015,0.093
1670856995,1.016,0.084
1670856995,1.014,0.095
1670856995,1.013,0.094
1670856995,1.015,0.094
1670856995,1.014,0.089
1670856995,1.015,0.096
1670856995,1.015,0.097
1670856995,1.015,0.094
1670856995,1.015,0.086
1670856995,1.01,0.081
1670856996,1.014,0.094
1670856996,1.014,0.101
1670856996,1.014,0.094
1670856996,1.016,0.09
1670856996,1.017,0.091
1670856996,1.016,0.101
1670856996,1.015,0.086
1670856996,1.013,0.093
1670856996,1.016,0.089
1670856996,1.013,0.095
1670856996,1.016,0.092
1670856996,1.013,0.091
1670856996,1.015,0.093
1670856996,1.016,0.088
1670856996,1.016,0.099
1670856996,1.015,0.092
1670856996,1.014,0.09
1670856996,1.02,0.096
1670856996,1.014,0.078
1670856996,1.015,0.14
1670856997,1.011,0.091
1670856997,1.017,0.142
1670856997,1.017,0.081
1670856997,1.017,0.125
1670856997,1.019,0.063
1670856997,1.015,0.092
1670856997,1.015,0.085
1670856997,1.015,0.114
1670856997,1.014,0.084
1670856997,1.016,0.1
1670856997,1.015,0.094
1670856997,1.019,0.108
1670856997,1.014,0.082
1670856997,1.016,0.093
1670856997,1.015,0.097
1670856997,1.015,0.096
1670856997,1.017,0.094
1670856997,1.02,0.098
1670856997,1.015,0.087
1670856997,1.016,0.096
1670856998,1.014,0.089
1670856998,1.015,0.091
1670856998,1.017,0.094
1670856998,1.016,0.091
1670856998,1.018,0.094
1670856998,1.016,0.089
1670856998,1.017,0.092
1670856998,1.012,0.09
1670856998,1.016,0.101
1670856998,1.021,0.096
1670856998,1.015,0.096
1670856998,1.017,0.091
1670856998,1.015,0.094
1670856998,1.015,0.087
1670856998,1.014,0.091
1670856998,1.018,0.095
1670856998,1.015,0.09
1670856998,1.014,0.087
1670856998,1.012,0.074
1670856998,1.014,0.086
1670856999,1.017,0.094
1670856999,1.014,0.092
1670856999,1.016,0.082
1670856999,1.013,0.096
1670856999,1.016,0.089
1670856999,1.012,0.089
1670856999,1.019,0.101
1670856999,1.013,0.095
1670856999,1.016,0.101
1670856999,1.017,0.09
1670856999,1.015,0.084
1670856999,1.016,0.098
1670856999,1.018,0.09
1670856999,1.015,0.091
1670856999,1.015,0.086
1670856999,1.016,0.089
1670856999,1.015,0.09
1670856999,1.015,0.098
1670856999,1.016,0.09
1670856999,1.017,0.094
1670857000,1.016,0.093
1670857000,1.015,0.089
1670857000,1.014,0.1
1670857000,1.019,0.091
1670857000,1.015,0.096
1670857000,1.017,0.093
1670857000,1.014,0.09
1670857000,1.014,0.095
1670857000,1.014,0.091
1670857000,1.01,0.095
1670857000,1.017,0.093
1670857000,1.014,0.088
1670857000,1.015,0.094
1670857000,1.015,0.087
1670857000,1.016,0.095
1670857000,1.019,0.101
1670857000,1.017,0.099
1670857000,1.015,0.094
1670857000,1.015,0.097
1670857000,1.014,0.093
1670857001,1.018,0.09
1670857001,1.015,0.095
1670857001,1.017,0.089
1670857001,1.015,0.099
1670857001,1.017,0.094
1670857001,1.016,0.095
1670857001,1.016,0.096
1670857001,1.017,0.096
1670857001,1.013,0.09
1670857001,1.012,0.095
1670857001,1.014,0.094
1670857001,1.014,0.093
1670857001,1.016,0.085
1670857001,1.017,0.087
1670857001,1.017,0.088
1670857001,1.013,0.086
1670857001,1.019,0.09
1670857001,1.018,0.096
1670857001,1.017,0.09
1670857001,1.017,0.1
1670857002,1.018,0.104
1670857002,1.014,0.064
1670857002,1.016,0.106
1670857002,1.014,0.114
1670857002,1.018,0.086
1670857002,1.019,0.097
1670857002,1.014,0.093
1670857002,1.016,0.113
1670857002,1.017,0.092
1670857002,1.019,0.094
1670857002,1.017,0.114
1670857002,1.017,0.112
1670857002,1.015,0.121
1670857002,1.017,0.088
1670857002,1.765,0.112
1670857002,2.455,0.123
1670857002,2.449,0.087
1670857002,2.45,0.109
1670857002,2.447,0.065
1670857002,2.452,0.125
1670857003,2.455,0.108
1670857003,2.449,0.094
1670857003,2.45,0.078
1670857003,2.455,0.096
1670857003,2.451,0.104
1670857003,2.452,0.103
1670857003,2.453,0.082
1670857003,2.452,0.1
1670857003,2.451,0.077
1670857003,1.994,0.123
1670857003,1.017,0.021
1670857003,1.018,0.088
1670857003,1.016,0.083
1670857003,1.016,0.402
1670857003,1.017,8.213
1670857003,1.019,8.219
1670857003,1.013,8.218
1670857003,1.013,8.21
1670857003,1.012,8.218
1670857003,1.013,8.219
1670857004,1.012,8.216
1670857004,1.013,8.213
1670857004,1.012,8.213
1670857004,1.015,8.211
1670857004,1.013,8.213
1670857004,1.016,8.206
1670857004,1.014,8.207
1670857004,1.017,2.728
1670857004,1.016,0.048
1670857004,1.018,0.094
1670857004,1.017,0.084
1670857004,1.01,0.13
1670857004,1.016,0.121
1670857004,1.017,0.124
1670857004,1.017,0.083
1670857004,1.015,0.082
1670857004,1.014,0.123
1670857004,1.016,0.155
1670857004,1.017,0.132
1670857004,1.821,0.099
1670857005,2.453,0.074
1670857005,2.453,0.105
1670857005,2.452,0.1
1670857005,2.45,0.062
1670857005,2.449,0.119
1670857005,2.448,0.034
1670857005,2.45,0.101
1670857005,2.453,0.134
1670857005,2.45,0.107
1670857005,2.454,0.124
1670857005,2.453,0.121
1670857005,2.446,0.024
1670857005,2.447,0.128
1670857005,2.163,0.137
1670857005,1.017,0.131
1670857005,1.015,0.076
1670857005,1.013,0.049
1670857005,1.017,0.135
1670857005,1.014,3.531
1670857005,1.012,8.219
1670857006,1.011,8.213
1670857006,1.015,8.215
1670857006,1.016,8.208
1670857006,1.015,8.215
1670857006,1.02,8.209
1670857006,1.014,8.217
1670857006,2.334,8.208
1670857006,2.453,8.221
1670857006,2.447,8.212
1670857006,2.448,8.211
1670857006,2.451,8.218
1670857006,2.45,5.439
1670857006,2.451,0.013
1670857006,2.449,0.069
1670857006,2.45,0.117
1670857006,2.45,0.068
1670857006,2.445,0.069
1670857006,2.447,0.106
1670857006,2.452,0.087
1670857006,2.449,0.035
1670857007,2.452,0.108
1670857007,1.136,0.088
1670857007,1.016,0.101
1670857007,1.015,0.113
1670857007,1.016,0.094
1670857007,1.016,3.519
1670857007,1.017,8.207
1670857007,1.01,8.218
1670857007,1.017,8.22
1670857007,1.014,8.217
1670857007,1.016,8.209
1670857007,1.012,8.216
1670857007,1.016,8.224
1670857007,1.019,8.215
1670857007,1.015,8.22
1670857007,1.014,8.222
1670857007,1.018,8.21
1670857007,1.014,8.216
1670857007,1.017,5.149
1670857007,1.015,0.095
1670857008,1.017,0.091
1670857008,1.017,0.114
1670857008,1.017,0.1
1670857008,1.019,0.073
1670857008,1.013,0.078
1670857008,1.013,0.075
1670857008,1.017,0.087
1670857008,1.015,0.089
1670857008,1.015,0.102
1670857008,1.017,0.075
1670857008,1.014,0.086
1670857008,1.013,0.114
1670857008,1.013,0.107
1670857008,1.017,0.124
1670857008,1.017,0.101
1670857008,1.015,0.093
1670857008,1.017,0.094
1670857008,1.016,0.09
1670857008,1.012,0.089
1670857008,1.012,0.082
1670857009,1.015,0.091
1670857009,1.013,0.094
1670857009,1.017,0.095
1670857009,1.013,0.093
1670857009,1.016,0.094
1670857009,1.016,0.093
1670857009,1.018,0.104
1670857009,1.016,0.091
1670857009,1.012,0.089
1670857009,1.012,0.102
1670857009,1.013,0.106
1670857009,1.017,0.092
1670857009,1.013,0.092
1670857009,1.016,0.088
1670857009,1.015,0.09
1670857009,1.017,0.094
1670857009,1.018,0.096
1670857009,1.015,0.098
1670857009,1.012,0.094
1670857009,1.014,0.091
1670857010,1.014,0.087
1670857010,1.016,0.095
1670857010,1.018,0.094
1670857010,1.014,0.095
1670857010,1.018,0.086
1670857010,1.015,0.094
1670857010,1.015,0.096
1670857010,1.019,0.089
1670857010,1.016,0.094
1670857010,1.015,0.093
1670857010,1.015,0.087
1670857010,1.014,0.091
1670857010,1.016,0.09
1670857010,1.013,0.082
1670857010,1.012,0.091
1670857010,1.016,0.093
1670857010,1.016,0.093
1670857010,1.015,0.093
1670857010,1.017,0.089
1670857010,1.016,0.097
1670857011,1.012,0.093
1670857011,1.018,0.095
1670857011,1.018,0.096
1670857011,1.015,0.094
1670857011,1.016,0.084
1670857011,1.012,0.09
1670857011,1.02,0.094
1670857011,1.018,0.09
1670857011,1.014,0.104
1670857011,1.016,0.078
1670857011,1.02,0.089
1670857011,1.013,0.093
1670857011,1.015,0.092
1670857011,1.013,0.094
1670857011,1.015,0.098
1670857011,1.014,0.099
1670857011,1.019,0.082
1670857011,1.015,0.094
1670857011,1.016,0.089
1670857011,1.014,0.094
1670857012,1.016,0.094
1670857012,1.014,0.092
1670857012,1.014,0.09
1670857012,1.016,0.088
1670857012,1.015,0.097
1670857012,1.014,0.091
1670857012,1.016,0.094
1670857012,1.019,0.098
1670857012,1.014,0.089
1670857012,1.015,0.095
1670857012,1.016,0.094
1670857012,1.013,0.093
1670857012,1.016,0.092
1670857012,1.016,0.093
1670857012,1.016,0.092
1670857012,1.017,0.096
1670857012,1.016,0.098
1670857012,1.019,0.095
1670857012,1.017,0.091
1670857012,1.016,0.089
1670857013,1.014,0.095
1670857013,1.014,0.096
1670857013,1.014,0.087
1670857013,1.018,0.094
1670857013,1.017,0.088
1670857013,1.014,0.098
1670857013,1.016,0.104
1670857013,1.015,0.088
1670857013,1.015,0.092
1670857013,1.016,0.086
1670857013,1.017,0.099
1670857013,1.015,0.092
1670857013,1.016,0.096
1670857013,1.017,0.091
1670857013,1.019,0.094
1670857013,1.016,0.09
1670857013,1.017,0.091
1670857013,1.017,0.089
1670857013,1.013,0.09
1670857013,1.015,0.092
1670857014,1.015,0.093
1670857014,1.017,0.092
1670857014,1.018,0.096
1670857014,1.013,0.088
1670857014,1.015,0.092
1670857014,1.012,0.093
1670857014,1.018,0.091
1670857014,1.014,0.09
1670857014,1.015,0.1
1670857014,1.014,0.099
1670857014,1.012,0.092
1670857014,1.019,0.103
1670857014,1.017,0.09
1670857014,1.014,0.092
1670857014,1.018,0.095
1670857014,1.016,0.091
1670857014,1.016,0.092
1670857014,1.015,0.092
1670857014,1.016,0.094
1670857014,1.018,0.091
1670857015,1.017,0.091
1670857015,1.018,0.094
1670857015,1.017,0.095
1670857015,1.012,0.09
1670857015,1.013,0.086
1670857015,1.016,0.094
1670857015,1.014,0.088
1670857015,1.015,0.095
1670857015,1.018,0.095
1670857015,1.016,0.093
1670857015,1.013,0.084
1670857015,1.015,0.067
1670857015,1.017,0.087
1670857015,1.014,0.089
1670857015,1.015,0.091
1670857015,1.014,0.093
1670857015,1.014,0.093
1670857015,1.014,0.092
1670857015,1.015,0.087
1670857015,1.012,0.083
1670857016,1.016,0.089
1670857016,1.016,0.092
1670857016,1.014,0.09
1670857016,1.018,0.092
1670857016,1.017,0.091
1670857016,1.014,0.094
1670857016,1.013,0.092
1670857016,1.015,0.092
1670857016,1.013,0.095
1670857016,1.017,0.096
1670857016,1.017,0.098
1670857016,1.016,0.093
1670857016,1.014,0.087
1670857016,1.02,0.092
1670857016,1.016,0.087
1670857016,1.016,0.096
1670857016,1.016,0.086
1670857016,1.014,0.088
1670857016,1.013,0.094
1670857016,1.015,0.093
1670857017,1.018,0.1
1670857017,1.016,0.097
1670857017,1.013,0.093
1670857017,1.017,0.084
1670857017,1.017,0.098
1670857017,1.016,0.087
1670857017,1.013,0.097
1670857017,1.02,0.092
1670857017,1.015,0.093
1670857017,1.013,0.092
1670857017,1.017,0.091
1670857017,1.016,0.092
1670857017,1.015,0.088
1670857017,1.015,0.088
1670857017,1.014,0.093
1670857017,1.018,0.097
1670857017,1.014,0.089
1670857017,1.015,0.09
1670857017,1.014,0.091
1670857017,1.015,0.089
1670857018,1.014,0.094
1670857018,1.016,0.095
1670857018,1.016,0.092
1670857018,1.018,0.089
1670857018,1.014,0.089
1670857018,1.015,0.088
1670857018,1.016,0.122
1670857018,1.019,0.087
1670857018,1.014,0.101
1670857018,1.016,0.083
1670857018,1.016,0.091
1670857018,1.015,0.099
1670857018,1.016,0.087
1670857018,1.013,0.094
1670857018,1.016,0.111
1670857018,1.015,0.076
1670857018,1.015,0.063
1670857018,1.015,0.087
1670857018,1.015,0.094
1670857018,1.016,0.105
1670857019,1.015,0.093
1670857019,1.017,0.095
1670857019,1.017,0.085
1670857019,1.016,0.072
1670857019,1.015,0.092
1670857019,1.015,0.095
1670857019,1.013,0.054
1670857019,1.014,0.099
1670857019,1.01,0.099
1670857019,1.013,0.085
1670857019,1.016,0.088
1670857019,1.015,0.085
1670857019,1.016,0.069
1670857019,1.017,0.099
1670857019,1.016,0.104
1670857019,1.018,0.085
1670857019,1.016,0.082
1670857019,1.016,0.096
1670857019,1.015,0.107
1670857019,1.016,0.119
1670857020,1.019,0.101
1670857020,1.018,0.087
1670857020,1.017,0.11
1670857020,1.016,0.055
1670857020,1.016,0.132
1670857020,1.019,0.111
1670857020,1.013,0.12
1670857020,1.015,0.089
1670857020,1.016,0.053
1670857020,1.016,0.09
1670857020,1.019,0.121
1670857020,1.015,0.111
1670857020,1.015,0.078
1670857020,1.015,0.086
1670857020,1.018,0.07
1670857020,1.018,0.079
1670857020,1.018,0.095
1670857020,1.02,0.142
1670857020,1.017,0.127
1670857020,1.014,0.071
1670857021,1.018,0.127
1670857021,1.02,0.103
1670857021,1.02,0.062
1670857021,1.019,0.092
1670857021,1.017,0.089
1670857021,1.017,0.065
1670857021,1.018,0.054
1670857021,1.016,0.087
1670857021,1.014,0.098
1670857021,1.016,0.067
1670857021,1.018,0.096
1670857021,1.018,0.127
1670857021,1.018,0.089
1670857021,1.019,0.085
1670857021,1.014,0.074
1670857021,1.02,0.118
1670857021,1.019,0.109
1670857021,1.018,0.116
1670857021,1.017,0.068
1670857021,1.02,0.151
1670857022,1.018,0.058
1670857022,1.015,0.107
1670857022,1.016,0.115
1670857022,1.017,0.113
1670857022,1.015,0.111
1670857022,1.017,0.141
1670857022,1.019,0.07
1670857022,1.014,0.085
1670857022,1.015,0.08
1670857022,1.02,0.08
1670857022,1.016,0.076
1670857022,1.016,0.092
1670857022,1.014,0.073
1670857022,1.017,0.074
1670857022,1.017,0.079
1670857022,1.014,0.045
1670857022,1.014,0.033
1670857022,1.018,0.058
1670857022,1.013,0.131
1670857022,1.018,0.101
1670857023,1.017,0.11
1670857023,1.014,0.115
1670857023,1.014,0.086
1670857023,1.017,0.094
1670857023,1.019,0.104
1670857023,1.018,0.094
1670857023,1.017,0.077
1670857023,1.018,0.133
1670857023,1.012,0.085
1670857023,1.019,0.09
1670857023,1.021,0.096
1670857023,1.02,0.092
1670857023,1.019,0.109
1670857023,1.017,0.093
1670857023,1.012,0.065
1670857023,1.018,0.105
1670857023,1.015,0.107
1670857023,1.019,0.103
1670857023,1.013,0.099
1670857023,1.018,0.156
1670857024,1.014,0.095
1670857024,1.015,0.073
1670857024,1.017,0.104
1670857024,1.016,0.137
1670857024,1.016,0.082
1670857024,1.015,0.063
1670857024,1.016,0.115
1670857024,1.015,0.077
1670857024,1.014,0.075
1670857024,1.017,0.109
1670857024,1.015,0.107
1670857024,1.015,0.111
1670857024,1.013,0.1
1670857024,1.017,0.07
1670857024,1.016,0.072
1670857024,1.017,0.089
1670857024,1.011,0.074
1670857024,1.016,0.13
1670857024,1.016,0.087
1670857024,1.016,0.083
1670857025,1.012,0.076
1670857025,1.016,0.099
1670857025,1.016,0.09
1670857025,1.015,0.091
1670857025,1.015,0.083
1670857025,1.014,0.086
1670857025,1.019,0.087
1670857025,1.014,0.094
1670857025,1.017,0.095
1670857025,1.017,0.088
1670857025,1.014,0.093
1670857025,1.017,0.092
1670857025,1.016,0.08
1670857025,1.015,0.083
1670857025,1.013,0.093
1670857025,1.016,0.083
1670857025,1.017,0.091
1670857025,1.016,0.092
1670857025,1.014,0.1
1670857025,1.016,0.089
1670857026,1.017,0.09
1670857026,1.016,0.09
1670857026,1.016,0.089
1670857026,1.013,0.088
1670857026,1.012,0.096
1670857026,1.011,0.089
1670857026,1.015,0.078
1670857026,1.019,0.09
1670857026,1.012,0.087
1670857026,1.017,0.096
1670857026,1.018,0.093
1670857026,1.017,0.091
1670857026,1.017,0.095
1670857026,1.017,0.088
1670857026,1.014,0.097
1670857026,1.015,0.086
1670857026,1.014,0.102
1670857026,1.018,0.089
1670857026,1.014,0.097
1670857026,1.02,0.091
1670857027,1.015,0.091
1670857027,1.018,0.095
1670857027,1.016,0.094
1670857027,1.016,0.097
1670857027,1.016,0.094
1670857027,1.016,0.092
1670857027,1.018,0.09
1670857027,1.016,0.088
1670857027,1.016,0.095
1670857027,1.016,0.093
1670857027,1.018,0.086
1670857027,1.017,0.098
1670857027,1.017,0.087
1670857027,1.018,0.096
1670857027,1.015,0.091
1670857027,1.016,0.085
1670857027,1.017,0.096
1670857027,1.014,0.083
1670857027,1.014,0.089
1670857027,1.017,0.093
1670857028,1.019,0.085
1670857028,1.017,0.089
1670857028,1.017,0.092
1670857028,1.017,0.093
1670857028,1.016,0.094
1670857028,1.016,0.089
1670857028,1.018,0.093
1670857028,1.019,0.092
1670857028,1.015,0.099
1670857028,1.014,0.091
1670857028,1.021,0.104
1670857028,1.016,0.094
1670857028,1.017,0.091
1670857028,1.019,0.097
1670857028,1.016,0.091
1670857028,1.015,0.087
1670857028,1.016,0.087
1670857028,1.013,0.094
1670857028,1.016,0.095
1670857028,1.016,0.084
1670857029,1.017,0.095
1670857029,1.018,0.091
1670857029,1.016,0.089
1670857029,1.018,0.092
1670857029,1.016,0.086
1670857029,1.013,0.091
1670857029,1.019,0.103
1670857029,1.021,0.09
1670857029,1.016,0.09
1670857029,1.012,0.094
1670857029,1.013,0.094
1670857029,1.015,0.09
1670857029,1.017,0.114
1670857029,1.017,0.097
1670857029,1.014,0.092
1670857029,1.015,0.09
1670857029,1.018,0.094
1670857029,1.014,0.087
1670857029,1.016,0.099
1670857029,1.018,0.11
1670857030,1.014,0.096
1670857030,1.014,0.089
1670857030,1.018,0.086
1670857030,1.016,0.087
1670857030,1.014,0.087
1670857030,1.018,0.092
1670857030,1.016,0.094
1670857030,1.015,0.085
1670857030,1.016,0.077
1670857030,1.017,0.087
1670857030,1.016,0.09
1670857030,1.017,0.091
1670857030,1.018,0.084
1670857030,1.019,0.092
1670857030,1.016,0.087
1670857030,1.015,0.09
1670857030,1.013,0.086
1670857030,1.018,0.089
1670857030,1.016,0.091
1670857030,1.016,0.099
1670857031,1.017,0.09
1670857031,1.013,0.087
1670857031,1.013,0.089
1670857031,1.017,0.097
1670857031,1.018,0.095
1670857031,1.015,0.083
1670857031,1.018,0.101
1670857031,1.018,0.088
1670857031,1.015,0.087
1670857031,1.017,0.09
1670857031,1.011,0.099
1670857031,1.016,0.087
1670857031,1.019,0.09
1670857031,1.017,0.092
1670857031,1.019,0.093
1670857031,1.014,0.094
1670857031,1.015,0.09
1670857031,1.019,0.099
1670857031,1.018,0.087
1670857031,1.015,0.085
1670857032,1.016,0.097
1670857032,1.014,0.101
1670857032,1.015,0.086
1670857032,1.018,0.095
1670857032,1.014,0.094
1670857032,1.014,0.095
1670857032,1.018,0.094
1670857032,1.017,0.089
1670857032,1.016,0.083
1670857032,1.016,0.074
1670857032,1.015,0.099
1670857032,1.019,0.087
1670857032,1.018,0.095
1670857032,1.019,0.093
1670857032,1.015,0.097
1670857032,1.018,0.095
1670857032,1.021,0.096
1670857032,1.02,0.095
1670857032,1.017,0.093
1670857032,1.016,0.091
1670857033,1.021,0.096
1670857033,1.017,0.093
1670857033,1.018,0.084
1670857033,1.017,0.089
1670857033,1.019,0.09
1670857033,1.019,0.092
1670857033,1.015,0.091
1670857033,1.017,0.091
1670857033,1.018,0.095
1670857033,1.013,0.088
1670857033,1.015,0.094
1670857033,1.015,0.087
1670857033,1.018,0.086
1670857033,1.014,0.092
1670857033,1.016,0.098
1670857033,1.016,0.088
1670857033,1.017,0.089
1670857033,1.018,0.092
1670857033,1.017,0.091
1670857033,1.016,0.104
1670857034,1.017,0.091
1670857034,1.018,0.096
1670857034,1.02,0.091
1670857034,1.015,0.084
1670857034,1.016,0.095
1670857034,1.017,0.095
1670857034,1.015,0.096
1670857034,1.013,0.1
1670857034,1.015,0.085
1670857034,1.015,0.101
1670857034,1.008,0.078
1670857034,1.018,0.085
1670857034,1.017,0.099
1670857034,1.016,0.106
1670857034,1.016,0.097
1670857034,1.016,0.09
1670857034,1.017,0.096
1670857034,1.016,0.106
1670857034,1.015,0.099
1670857034,1.017,0.095
1670857035,1.014,0.082
1670857035,1.018,0.101
1670857035,1.018,0.091
1670857035,1.015,0.107
1670857035,1.016,0.087
1670857035,1.02,0.114
1670857035,1.02,0.101
1670857035,1.017,0.104
1670857035,1.016,0.08
1670857035,1.017,0.094
1670857035,1.015,0.091
1670857035,1.013,0.109
1670857035,1.019,0.101
1670857035,1.016,0.072
1670857035,1.016,0.095
1670857035,1.012,0.077
1670857035,1.014,0.105
1670857035,1.017,0.08
1670857035,1.017,0.103
1670857035,1.017,0.085
1670857036,1.015,0.11
1670857036,1.012,0.116
1670857036,1.016,0.111
1670857036,1.016,0.064
1670857036,1.02,0.126
1670857036,1.017,0.11
1670857036,1.02,0.123
1670857036,1.015,0.06
1670857036,1.015,0.107
1670857036,1.016,0.108
1670857036,1.018,0.077
1670857036,1.011,0.039
1670857036,1.014,0.049
1670857036,1.02,0.115
1670857036,1.013,0.086
1670857036,1.016,0.106
1670857036,1.018,0.131
1670857036,1.015,0.063
1670857036,1.021,0.091
1670857036,1.016,0.106
1670857037,1.014,0.06
1670857037,1.014,0.068
1670857037,1.014,0.111
1670857037,1.015,0.09
1670857037,1.015,0.109
1670857037,1.013,0.089
1670857037,1.017,0.054
1670857037,1.017,0.083
1670857037,1.019,0.083
1670857037,1.016,0.109
1670857037,1.014,0.076
1670857037,1.018,0.116
1670857037,1.017,0.076
1670857037,1.013,0.073
1670857037,1.015,0.088
1670857037,1.018,0.088
1670857037,1.014,0.086
1670857037,1.014,0.116
1670857037,1.015,0.065
1670857037,1.015,0.132
1670857038,1.017,0.047
1670857038,1.013,0.064
1670857038,1.014,0.105
1670857038,1.015,0.04
1670857038,1.016,0.081
1670857038,1.016,0.145
1670857038,1.015,0.068
1670857038,1.014,0.104
1670857038,1.015,0.08
1670857038,1.016,0.117
1670857038,1.013,0.08
1670857038,1.014,0.113
1670857038,1.016,0.082
1670857038,1.017,0.13
1670857038,1.019,0.126
1670857038,1.011,0.056
1670857038,1.015,0.069
1670857038,1.015,0.105
1670857038,1.012,0.063
1670857038,1.015,0.079
1670857039,1.016,0.102
1670857039,1.017,0.108
1670857039,1.015,0.074
1670857039,1.015,0.035
1670857039,1.016,0.12
1670857039,1.016,0.05
1670857039,1.015,0.054
1670857039,1.016,0.131
1670857039,1.013,-0.002
1670857039,1.015,0.005
1670857039,1.017,0.124
1670857039,1.015,0.089
1670857039,1.014,0.096
1670857039,1.016,0.093
1670857039,1.018,0.106
1670857039,1.015,0.097
1670857039,1.014,0.085
1670857039,1.017,0.079
1670857039,1.017,0.101
1670857039,1.015,0.066
1670857040,1.015,0.081
1670857040,1.017,0.119
1670857040,1.019,0.081
1670857040,1.015,0.091
1670857040,1.016,0.113
1670857040,1.017,0.119
1670857040,1.014,0.074
1670857040,1.016,0.093
1670857040,1.016,0.07
1670857040,1.014,0.09
1670857040,1.016,0.091
1670857040,1.017,0.076
1670857040,1.014,0.094
1670857040,1.017,0.114
1670857040,1.013,0.066
1670857040,1.017,0.085
1670857040,1.015,0.079
1670857040,1.016,0.123
1670857040,1.014,0.08
1670857040,1.017,0.106
1670857041,1.016,0.068
1670857041,1.012,0.092
1670857041,1.016,0.077
1670857041,1.014,0.09
1670857041,1.015,0.085
1670857041,1.016,0.091
1670857041,1.016,0.098
1670857041,1.016,0.092
1670857041,1.017,0.098
1670857041,1.015,0.082
1670857041,1.017,0.101
1670857041,1.015,0.088
1670857041,1.013,0.092
1670857041,1.014,0.091
1670857041,1.018,0.092
1670857041,1.018,0.099
1670857041,1.015,0.097
1670857041,1.013,0.095
1670857041,1.018,0.085
1670857041,1.017,0.086
1670857042,1.016,0.09
1670857042,1.017,0.085
1670857042,1.017,0.09
1670857042,1.018,0.089
1670857042,1.017,0.09
1670857042,1.014,0.093
1670857042,1.015,0.089
1670857042,1.016,0.094
1670857042,1.018,0.092
1670857042,1.019,0.094
1670857042,1.016,0.09
1670857042,1.016,0.092
1670857042,1.015,0.092
1670857042,1.017,0.094
1670857042,1.018,0.085
1670857042,1.015,0.098
1670857042,1.014,0.097
1670857042,1.015,0.088
1670857042,1.015,0.097
1670857042,1.015,0.096
1670857043,1.015,0.087
1670857043,1.014,0.095
1670857043,1.017,0.09
1670857043,1.019,0.1
1670857043,1.017,0.089
1670857043,1.018,0.093
1670857043,1.016,0.1
1670857043,1.016,0.09
1670857043,1.019,0.096
1670857043,1.018,0.091
1670857043,1.017,0.088
1670857043,1.015,0.095
1670857043,1.018,0.088
1670857043,1.016,0.099
1670857043,1.016,0.091
1670857043,1.015,0.086
1670857043,1.018,0.09
1670857043,1.017,0.093
1670857043,1.014,0.095
1670857043,1.014,0.092
1670857044,1.016,0.091
1670857044,1.021,0.099
1670857044,1.017,0.089
1670857044,1.02,0.088
1670857044,1.015,0.095
1670857044,1.014,0.092
1670857044,1.013,0.089
1670857044,1.018,0.096
1670857044,1.016,0.088
1670857044,1.013,0.096
1670857044,1.017,0.091
1670857044,1.016,0.085
1670857044,1.019,0.089
1670857044,1.023,0.104
1670857044,1.016,0.088
1670857044,1.016,0.094
1670857044,1.018,0.099
1670857044,1.018,0.09
1670857044,1.016,0.084
1670857044,1.017,0.089
1670857045,1.017,0.087
1670857045,1.017,0.094
1670857045,1.016,0.093
1670857045,1.019,0.09
1670857045,1.015,0.094
1670857045,1.018,0.085
1670857045,1.017,0.089
1670857045,1.016,0.093
1670857045,1.016,0.105
1670857045,1.015,0.093
1670857045,1.019,0.094
1670857045,1.014,0.095
1670857045,1.015,0.089
1670857045,1.016,0.101
1670857045,1.014,0.089
1670857045,1.017,0.083
1670857045,1.017,0.091
1670857045,1.015,0.097
1670857045,1.018,0.094
1670857045,1.017,0.088
1670857046,1.015,0.104
1670857046,1.017,0.091
1670857046,1.019,0.093
1670857046,1.015,0.091
1670857046,1.017,0.096
1670857046,1.015,0.097
1670857046,1.019,0.1
1670857046,1.018,0.098
1670857046,1.019,0.093
1670857046,1.016,0.096
1670857046,1.016,0.091
1670857046,1.02,0.09
1670857046,1.016,0.096
1670857046,1.018,0.101
1670857046,1.014,0.091
1670857046,1.019,0.085
1670857046,1.016,0.093
1670857046,1.017,0.096
1670857046,1.017,0.092
1670857046,1.015,0.096
1670857047,1.015,0.088
1670857047,1.017,0.085
1670857047,1.017,0.094
1670857047,1.017,0.097
1670857047,1.018,0.095
1670857047,1.014,0.093
1670857047,1.013,0.096
1670857047,1.016,0.095
1670857047,1.019,0.1
1670857047,1.017,0.096
1670857047,1.017,0.095
1670857047,1.013,0.09
1670857047,1.019,0.095
1670857047,1.013,0.093
1670857047,1.018,0.086
1670857047,1.016,0.085
1670857047,1.021,0.092
1670857047,1.016,0.09
1670857047,1.014,0.083
1670857047,1.016,0.101
1670857048,1.013,0.093
1670857048,1.015,0.093
1670857048,1.019,0.096
1670857048,1.018,0.092
1670857048,1.019,0.094
1670857048,1.015,0.092
1670857048,1.016,0.088
1670857048,1.018,0.099
1670857048,1.017,0.091
1670857048,1.016,0.09
1670857048,1.018,0.097
1670857048,1.017,0.088
1670857048,1.015,0.09
1670857048,1.016,0.081
1670857048,1.015,0.092
1670857048,1.018,0.09
1670857048,1.015,0.101
1670857048,1.017,0.086
1670857048,1.014,0.097
1670857048,1.017,0.089
1670857049,1.015,0.09
1670857049,1.014,0.1
1670857049,1.014,0.09
1670857049,1.014,0.09
1670857049,1.016,0.092
1670857049,1.015,0.098
1670857049,1.014,0.09
1670857049,1.014,0.094
1670857049,1.017,0.092
1670857049,1.014,0.101
1670857049,1.015,0.086
1670857049,1.015,0.095
1670857049,1.015,0.103
1670857049,1.015,0.091
1670857049,1.015,0.09
1670857049,1.016,0.087
1670857049,1.012,0.093
1670857049,1.018,0.095
1670857049,1.013,0.09
1670857049,1.015,0.095
1670857050,1.015,0.084
1670857050,1.014,0.097
1670857050,1.017,0.089
1670857050,1.016,0.099
1670857050,1.015,0.091
1670857050,1.016,0.087
1670857050,1.018,0.097
1670857050,1.014,0.096
1670857050,1.016,0.093
1670857050,1.013,0.093
1670857050,1.017,0.085
1670857050,1.012,0.091
1670857050,1.018,0.096
1670857050,1.016,0.102
1670857050,1.015,0.085
1670857050,1.015,0.098
1670857050,1.016,0.082
1670857050,1.015,0.093
1670857050,1.016,0.094
1670857050,1.014,0.12
1670857051,1.015,0.105
1670857051,1.014,0.107
1670857051,1.017,0.072
1670857051,1.014,0.089
1670857051,1.02,0.108
1670857051,1.017,0.092
1670857051,1.015,0.084
1670857051,1.017,0.096
1670857051,1.012,0.105
1670857051,1.017,0.11
1670857051,1.013,0.096
1670857051,1.015,0.09
1670857051,1.016,0.084
1670857051,1.016,0.091
1670857051,1.016,0.096
1670857051,1.018,0.095
1670857051,1.016,0.067
1670857051,1.016,0.106
1670857051,1.013,0.103
1670857051,1.017,0.099
1670857052,1.021,0.121
1670857052,1.013,0.108
1670857052,1.016,0.096
1670857052,1.014,0.088
1670857052,1.016,0.116
1670857052,1.017,0.082
1670857052,1.018,0.084
1670857052,1.017,0.077
1670857052,1.019,0.11
1670857052,1.015,0.059
1670857052,1.015,0.077
1670857052,1.013,0.033
1670857052,1.012,0.055
1670857052,1.014,0.094
1670857052,1.016,0.121
1670857052,1.016,0.09
1670857052,1.013,0.05
1670857052,1.019,0.099
1670857052,1.015,0.073
1670857052,1.014,0.101
1670857053,1.018,0.116
1670857053,1.014,0.073
1670857053,1.015,0.113
1670857053,1.017,0.107
1670857053,1.017,0.097
1670857053,1.016,0.101
1670857053,1.017,0.06
1670857053,1.015,0.126
1670857053,1.017,0.101
1670857053,1.023,0.113
1670857053,1.016,0.096
1670857053,1.015,0.085
1670857053,1.016,0.12
1670857053,1.018,0.138
1670857053,1.013,0.072
1670857053,1.016,0.116
1670857053,1.015,0.05
1670857053,1.016,0.125
1670857053,1.019,0.112
1670857053,1.015,0.097
1670857054,1.015,0.057
1670857054,1.015,0.09
1670857054,1.016,0.046
1670857054,1.013,0.077
1670857054,1.019,0.094
1670857054,1.014,0.096
1670857054,1.014,0.11
1670857054,1.018,0.135
1670857054,1.015,0.136
1670857054,1.017,0.074
1670857054,1.016,0.088
1670857054,1.015,0.081
1670857054,1.016,0.106
1670857054,1.016,0.04
1670857054,1.014,0.095
1670857054,1.016,0.053
1670857054,1.014,0.086
1670857054,1.016,0.063
1670857054,1.017,0.152
1670857054,1.012,0.058
1670857055,1.015,0.102
1670857055,1.014,0.07
1670857055,1.017,0.111
1670857055,1.016,0.08
1670857055,1.017,0.078
1670857055,1.015,0.153
1670857055,1.017,0.057
1670857055,1.016,0.085
1670857055,1.016,0.143
1670857055,1.014,0.074
1670857055,1.022,0.132
1670857055,1.017,0.098
1670857055,1.014,0.023
1670857055,1.017,0.153
1670857055,1.014,0.108
1670857055,1.014,0.123
1670857055,1.015,0.087
1670857055,1.013,0.091
1670857055,1.018,0.144
1670857055,1.017,0.125
1670857056,1.015,0.046
1670857056,1.014,0.094
1670857056,1.012,0.102
1670857056,1.016,0.055
1670857056,1.016,0.117
1670857056,1.014,0.112
1670857056,1.015,0.11
1670857056,1.014,0.098
1670857056,1.018,0.081
1670857056,1.013,0.074
1670857056,1.016,0.071
1670857056,1.013,0.079
1670857056,1.019,0.126
1670857056,1.016,0.098
1670857056,1.016,0.101
1670857056,1.015,0.091
1670857056,1.015,0.086
1670857056,1.019,0.112
1670857056,1.015,0.09
1670857056,1.015,0.054
1670857057,1.017,0.1
1670857057,1.017,0.12
1670857057,1.016,0.094
1670857057,1.014,0.094
1670857057,1.014,0.081
1670857057,1.014,0.089
1670857057,1.016,0.085
1670857057,1.019,0.108
1670857057,1.015,0.077
1670857057,1.017,0.097
1670857057,1.017,0.078
1670857057,1.013,0.089
1670857057,1.018,0.088
1670857057,1.018,0.089
1670857057,1.016,0.098
1670857057,1.018,0.098
1670857057,1.02,0.086
1670857057,1.02,0.105
1670857057,1.017,0.095
1670857057,1.016,0.088
1670857058,1.016,0.1
1670857058,1.018,0.089
1670857058,1.019,0.088
1670857058,1.015,0.086
1670857058,1.018,0.089
1670857058,1.021,0.098
1670857058,1.014,0.094
1670857058,1.02,0.089
1670857058,1.016,0.087
1670857058,1.017,0.093
1670857058,1.016,0.091
1670857058,1.015,0.107
1670857058,1.015,0.095
1670857058,1.015,0.091
1670857058,1.015,0.09
1670857058,1.019,0.092
1670857058,1.014,0.089
1670857058,1.014,0.097
1670857058,1.018,0.092
1670857058,1.014,0.089
1670857059,1.017,0.096
1670857059,1.017,0.092
1670857059,1.016,0.087
1670857059,1.015,0.093
1670857059,1.014,0.088
1670857059,1.016,0.086
1670857059,1.016,0.096
1670857059,1.013,0.098
1670857059,1.018,0.095
1670857059,1.015,0.098
1670857059,1.015,0.097
1670857059,1.019,0.097
1670857059,1.012,0.097
1670857059,1.015,0.092
1670857059,1.015,0.087
1670857059,1.014,0.094
1670857059,1.017,0.09
1670857059,1.011,0.091
1670857059,1.015,0.084
1670857059,1.012,0.092
1670857060,1.016,0.098
1670857060,1.015,0.094
1670857060,1.021,0.095
1670857060,1.015,0.098
1670857060,1.015,0.091
1670857060,1.018,0.096
1670857060,1.015,0.089
1670857060,1.016,0.084
1670857060,1.015,0.098
1670857060,1.019,0.097
1670857060,1.017,0.09
1670857060,1.015,0.09
1670857060,1.016,0.081
1670857060,1.017,0.088
1670857060,1.016,0.096
1670857060,1.015,0.103
1670857060,1.014,0.089
1670857060,1.015,0.084
1670857060,1.014,0.102
1670857060,1.017,0.095
1670857061,1.018,0.088
1670857061,1.016,0.088
1670857061,1.018,0.088
1670857061,1.016,0.09
1670857061,1.018,0.098
1670857061,1.018,0.091
1670857061,1.018,0.084
1670857061,1.016,0.098
1670857061,1.015,0.095
1670857061,1.016,0.09
1670857061,1.017,0.092
1670857061,1.018,0.095
1670857061,1.018,0.095
1670857061,1.015,0.097
1670857061,1.017,0.102
1670857061,1.018,0.094
1670857061,1.016,0.094
1670857061,1.015,0.097
1670857061,1.015,0.094
1670857061,1.015,0.097
1670857062,1.015,0.086
1670857062,1.01,0.094
1670857062,1.018,0.095
1670857062,1.014,0.093
1670857062,1.015,0.094
1670857062,1.013,0.094
1670857062,1.013,0.029
1670857062,1.017,0.093
1670857062,1.009,0.048
1670857062,1.019,0.094
1670857062,1.014,0.091
1670857062,1.015,0.109
1670857062,1.016,0.097
1670857062,1.018,0.094
1670857062,1.015,0.089
1670857062,1.014,0.096
1670857062,1.018,0.089
1670857062,1.016,0.097
1670857062,1.011,0.091
1670857062,1.019,0.103
1670857063,1.016,0.104
1670857063,1.906,0.086
1670857063,2.451,0.09
1670857063,2.452,0.103
1670857063,2.45,0.095
1670857063,2.453,0.081
1670857063,2.452,0.093
1670857063,2.453,0.091
1670857063,2.454,0.089
1670857063,2.453,0.098
1670857063,2.453,0.102
1670857063,2.449,0.096
1670857063,2.45,0.083
1670857063,2.45,0.092
1670857063,2.448,0.082
1670857063,2.45,0.09
1670857063,1.82,0.102
1670857063,1.018,0.089
1670857063,1.016,0.09
1670857063,1.014,0.089
1670857064,1.014,1.375
1670857064,1.017,8.212
1670857064,1.015,8.215
1670857064,1.017,8.212
1670857064,1.013,8.214
1670857064,1.018,8.215
1670857064,1.014,8.213
1670857064,1.014,8.219
1670857064,1.011,8.217
1670857064,1.013,8.218
1670857064,1.016,8.209
1670857064,1.012,8.215
1670857064,1.016,8.211
1670857064,1.015,8.215
1670857064,1.014,2.531
1670857064,1.017,0.093
1670857064,1.015,0.097
1670857064,1.017,0.091
1670857064,1.016,0.093
1670857064,1.019,0.091
1670857065,1.016,0.096
1670857065,1.014,0.095
1670857065,1.017,0.094
1670857065,1.018,0.089
1670857065,1.014,0.087
1670857065,1.39,0.087
1670857065,2.45,0.095
1670857065,2.451,0.095
1670857065,2.449,0.088
1670857065,2.451,0.096
1670857065,2.452,0.093
1670857065,2.451,0.088
1670857065,2.451,0.092
1670857065,2.453,0.085
1670857065,2.452,0.084
1670857065,2.45,0.093
1670857065,2.452,0.094
1670857065,2.45,0.094
1670857065,2.453,0.092
1670857065,2.424,0.092
1670857066,1.014,0.093
1670857066,1.016,0.091
1670857066,1.014,0.094
1670857066,1.012,0.095
1670857066,1.018,0.249
1670857066,1.016,8.218
1670857066,1.014,8.212
1670857066,1.015,8.215
1670857066,1.011,8.224
1670857066,1.015,8.218
1670857066,1.016,8.219
1670857066,1.019,8.215
1670857066,1.012,8.22
1670857066,1.016,8.22
1670857066,1.014,8.218
1670857066,1.015,8.217
1670857066,1.79,8.214
1670857066,2.448,8.22
1670857066,2.447,0.26
1670857066,2.453,0.087
1670857067,2.45,0.091
1670857067,2.452,0.085
1670857067,2.453,0.096
1670857067,2.452,0.091
1670857067,2.452,0.09
1670857067,2.452,0.107
1670857067,2.452,0.095
1670857067,2.454,0.094
1670857067,2.452,0.086
1670857067,2.449,0.061
1670857067,2.45,0.089
1670857067,1.79,0.103
1670857067,1.014,0.066
1670857067,1.013,0.095
1670857067,1.019,0.106
1670857067,1.016,0.085
1670857067,1.014,8.185
1670857067,1.013,8.207
1670857067,1.012,8.208
1670857067,1.017,8.211
1670857068,1.017,8.214
1670857068,1.016,8.21
1670857068,1.014,8.207
1670857068,1.018,8.217
1670857068,1.017,8.214
1670857068,1.014,8.203
1670857068,1.015,8.215
1670857068,1.017,8.209
1670857068,1.014,8.172
1670857068,1.016,0.75
1670857068,1.015,0.093
1670857068,1.012,0.109
1670857068,1.017,0.11
1670857068,1.019,0.099
1670857068,1.015,0.125
1670857068,1.014,0.077
1670857068,1.019,0.098
1670857068,1.017,0.094
1670857068,1.017,0.102
1670857068,1.019,0.152
1670857069,1.016,0.064
1670857069,1.016,0.075
1670857069,1.016,0.105
1670857069,1.015,0.111
1670857069,1.015,0.057
1670857069,1.014,0.057
1670857069,1.019,0.117
1670857069,1.016,0.144
1670857069,1.019,0.081
1670857069,1.021,0.13
1670857069,1.018,0.107
1670857069,1.016,0.082
1670857069,1.014,0.088
1670857069,1.019,0.102
1670857069,1.016,0.115
1670857069,1.016,0.074
1670857069,1.02,0.093
1670857069,1.019,0.1
1670857069,1.015,0.089
1670857069,1.015,0.038
1670857070,1.019,0.096
1670857070,1.014,0.111
1670857070,1.018,0.12
1670857070,1.015,0.079
1670857070,1.014,0.085
1670857070,1.015,0.11
1670857070,1.017,0.092
1670857070,1.016,0.097
1670857070,1.019,0.159
1670857070,1.016,0.083
1670857070,1.015,0.093
1670857070,1.016,0.109
1670857070,1.017,0.112
1670857070,1.012,-0.01
1670857070,1.019,0.127
1670857070,1.016,0.074
1670857070,1.017,0.102
1670857070,1.022,0.114
1670857070,1.018,0.097
1670857070,1.016,0.135
1670857071,1.019,0.053
1670857071,1.019,0.121
1670857071,1.014,0.107
1670857071,1.017,0.052
1670857071,1.016,0.118
1670857071,1.018,0.084
1670857071,1.018,0.116
1670857071,1.017,0.096
1670857071,1.015,0.098
1670857071,1.016,0.131
1670857071,1.012,0.049
1670857071,1.013,0.119
1670857071,1.016,0.107
1670857071,1.015,0.072
1670857071,1.019,0.11
1670857071,1.018,0.136
1670857071,1.018,0.129
1670857071,1.016,0.103
1670857071,1.016,0.134
1670857071,1.015,0.094
1670857072,1.011,-0.015
1670857072,1.017,0.119
1670857072,1.017,0.122
1670857072,1.018,0.1
1670857072,1.015,0.088
1670857072,1.015,0.083
1670857072,1.016,0.059
1670857072,1.016,0.101
1670857072,1.016,0.102
1670857072,1.017,0.062
1670857072,1.017,0.056
1670857072,1.016,0.116
1670857072,1.016,0.083
1670857072,1.018,0.106
1670857072,1.013,0.071
1670857072,1.014,0.066
1670857072,1.015,0.077
1670857072,1.015,0.048
1670857072,1.017,0.088
1670857072,1.019,0.102
1670857073,1.017,0.059
1670857073,1.016,0.07
1670857073,1.016,0.112
1670857073,1.013,0.101
1670857073,1.016,0.123
1670857073,1.016,0.099
1670857073,1.017,0.081
1670857073,1.014,0.098
1670857073,1.016,0.089
1670857073,1.015,0.07
1670857073,1.013,0.071
1670857073,1.014,0.102
1670857073,1.016,0.083
1670857073,1.016,0.12
1670857073,1.017,0.09
1670857073,1.016,0.094
1670857073,1.016,0.088
1670857073,1.014,0.097
1670857073,1.014,0.093
1670857073,1.016,0.091
1670857074,1.018,0.093
1670857074,1.019,0.11
1670857074,1.015,0.084
1670857074,1.013,0.097
1670857074,1.015,0.094
1670857074,1.015,0.092
1670857074,1.015,0.095
1670857074,1.016,0.091
1670857074,1.018,0.1
1670857074,1.017,0.09
1670857074,1.013,0.087
1670857074,1.016,0.096
1670857074,1.016,0.097
1670857074,1.014,0.09
1670857074,1.018,0.098
1670857074,1.014,0.09
1670857074,1.015,0.101
1670857074,1.014,0.089
1670857074,1.014,0.087
1670857074,1.016,0.094
1670857075,1.016,0.092
1670857075,1.011,0.097
1670857075,1.016,0.101
1670857075,1.016,0.098
1670857075,1.013,0.089
1670857075,1.013,0.086
1670857075,1.015,0.093
1670857075,1.014,0.096
1670857075,1.018,0.095
1670857075,1.017,0.098
1670857075,1.015,0.087
1670857075,1.013,0.098
1670857075,1.014,0.085
1670857075,1.016,0.084
1670857075,1.017,0.097
1670857075,1.013,0.087
1670857075,1.016,0.084
1670857075,1.019,0.098
1670857075,1.016,0.084
1670857075,1.015,0.094
1670857076,1.017,0.083
1670857076,1.015,0.089
1670857076,1.014,0.086
1670857076,1.019,0.095
1670857076,1.017,0.094
1670857076,1.019,0.094
1670857076,1.015,0.09
1670857076,1.016,0.097
1670857076,1.018,0.096
1670857076,1.017,0.088
1670857076,1.015,0.089
1670857076,1.019,0.088
1670857076,1.02,0.091
1670857076,1.015,0.086
1670857076,1.015,0.1
1670857076,1.016,0.082
1670857076,1.015,0.077
1670857076,1.014,0.096
1670857076,1.016,0.086
1670857076,1.015,0.09
1670857077,1.019,0.091
1670857077,1.018,0.094
1670857077,1.013,0.092
1670857077,1.02,0.093
1670857077,1.016,0.093
1670857077,1.017,0.093
1670857077,1.018,0.086
1670857077,1.017,0.091
1670857077,1.018,0.094
1670857077,1.022,0.093
1670857077,1.017,0.086
1670857077,1.017,0.097
1670857077,1.018,0.095
1670857077,1.018,0.096
1670857077,1.016,0.096
1670857077,1.018,0.088
1670857077,1.015,0.095
1670857077,1.017,0.091
1670857077,1.018,0.088
1670857077,1.017,0.096
1670857078,1.016,0.096
1670857078,1.021,0.088
1670857078,1.016,0.087
1670857078,1.016,0.088
1670857078,1.011,0.089
1670857078,1.015,0.081
1670857078,1.015,0.095
1670857078,1.016,0.092
1670857078,1.018,0.09
1670857078,1.02,0.091
1670857078,1.013,0.097
1670857078,1.017,0.098
1670857078,1.017,0.095
1670857078,1.018,0.096
1670857078,1.015,0.088
1670857078,1.017,0.096
1670857078,1.014,0.089
1670857078,1.013,0.095
1670857078,1.018,0.093
1670857078,1.016,0.096
1670857079,1.018,0.092
1670857079,1.016,0.091
1670857079,1.013,0.091
1670857079,1.015,0.086
1670857079,1.014,0.089
1670857079,1.015,0.092
1670857079,1.017,0.092
1670857079,1.015,0.092
1670857079,1.017,0.086
1670857079,1.016,0.095
1670857079,1.018,0.101
1670857079,1.019,0.098
1670857079,1.014,0.098
1670857079,1.016,0.091
1670857079,1.017,0.089
1670857079,1.016,0.09
1670857079,1.014,0.084
1670857079,1.016,0.089
1670857079,1.014,0.095
1670857079,1.014,0.091
1670857080,1.013,0.093
1670857080,1.013,0.091
1670857080,1.011,0.103
1670857080,1.018,0.098
1670857080,1.015,0.089
1670857080,1.013,0.097
1670857080,1.015,0.091
1670857080,1.014,0.092
1670857080,1.015,0.094
1670857080,1.015,0.093
1670857080,1.014,0.095
1670857080,1.016,0.089
1670857080,1.018,0.081
1670857080,1.016,0.09
1670857080,1.016,0.095
1670857080,1.015,0.1
1670857080,1.016,0.095
1670857080,1.017,0.093
1670857080,1.013,0.094
1670857080,1.013,0.098
1670857081,1.016,0.093
1670857081,1.014,0.099
1670857081,1.017,0.092
1670857081,1.017,0.089
1670857081,1.017,0.1
1670857081,1.014,0.091
1670857081,1.016,0.093
1670857081,1.015,0.089
1670857081,1.017,0.096
1670857081,1.016,0.086
1670857081,1.015,0.096
1670857081,1.017,0.092
1670857081,1.016,0.094
1670857081,1.019,0.093
1670857081,1.018,0.088
1670857081,1.015,0.1
1670857081,1.018,0.089
1670857081,1.02,0.09
1670857081,1.015,0.097
1670857081,1.012,0.099
1670857082,1.017,0.092
1670857082,1.015,0.089
1670857082,1.018,0.093
1670857082,1.017,0.1
1670857082,1.016,0.094
1670857082,1.017,0.091
1670857082,1.017,0.099
1670857082,1.015,0.09
1670857082,1.014,0.094
1670857082,1.015,0.092
1670857082,1.018,0.087
1670857082,1.016,0.09
1670857082,1.016,0.089
1670857082,1.016,0.089
1670857082,1.014,0.089
1670857082,1.017,0.095
1670857082,1.016,0.093
1670857082,1.019,0.093
1670857082,1.016,0.087
1670857082,1.018,0.096
1670857083,1.018,0.086
1670857083,1.014,0.088
1670857083,1.018,0.1
1670857083,1.017,0.093
1670857083,1.017,0.08
1670857083,1.013,0.098
1670857083,1.015,0.092
1670857083,1.015,0.098
1670857083,1.011,0.024
1670857083,1.016,0.1
1670857083,1.015,0.09
1670857083,1.016,0.092
1670857083,1.018,0.097
1670857083,1.016,0.113
1670857083,1.015,0.091
1670857083,1.014,0.079
1670857083,1.015,0.093
1670857083,1.015,0.1
1670857083,1.016,0.078
1670857083,1.017,0.12
1670857084,1.017,0.085
1670857084,1.018,0.093
1670857084,1.017,0.098
1670857084,1.017,0.075
1670857084,1.017,0.11
1670857084,1.015,0.102
1670857084,1.017,0.077
1670857084,1.015,0.096
1670857084,1.016,0.086
1670857084,1.014,0.081
1670857084,1.018,0.067
1670857084,1.018,0.093
1670857084,1.012,0.081
1670857084,1.014,0.092
1670857084,1.021,0.111
1670857084,1.016,0.113
1670857084,1.018,0.112
1670857084,1.013,0.085
1670857084,1.017,0.043
1670857084,1.017,0.113
1670857085,1.015,0.073
1670857085,1.018,0.106
1670857085,1.018,0.074
1670857085,1.015,0.045
1670857085,1.017,0.156
1670857085,1.015,0.05
1670857085,1.016,0.1
1670857085,1.016,0.1
1670857085,1.018,0.065
1670857085,1.032,0.121
1670857085,1.016,0.087
1670857085,1.017,0.116
1670857085,1.017,0.059
1670857085,1.012,0.083
1670857085,1.017,0.1
1670857085,1.019,0.089
1670857085,1.018,0.101
1670857085,1.019,0.077
1670857085,1.012,0.048
1670857085,1.016,0.088
1670857086,1.016,0.067
1670857086,1.014,0.102
1670857086,1.014,0.097
1670857086,1.015,0.073
1670857086,1.016,0.092
1670857086,1.012,0.051
1670857086,1.019,0.097
1670857086,1.013,0.073
1670857086,1.016,0.078
1670857086,1.017,0.092
1670857086,1.016,0.107
1670857086,1.017,0.163
1670857086,1.017,0.057
1670857086,1.016,0.084
1670857086,1.019,0.164
1670857086,1.016,0.101
1670857086,1.017,0.073
1670857086,1.018,0.094
1670857086,1.019,0.155
1670857086,1.015,0.079
1670857087,1.02,0.122
1670857087,1.018,0.125
1670857087,1.013,0.069
1670857087,1.015,0.109
1670857087,1.014,0.028
1670857087,1.015,0.045
1670857087,1.015,0.088
1670857087,1.018,0.103
1670857087,1.016,0.159
1670857087,1.014,0.059
1670857087,1.011,0.106
1670857087,1.013,0.118
1670857087,1.015,0.095
1670857087,1.013,0.084
1670857087,1.014,0.111
1670857087,1.019,0.121
1670857087,1.014,0.071
1670857087,1.013,0.09
1670857087,1.017,0.112
1670857087,1.017,0.145
1670857088,1.017,0.084
1670857088,1.016,0.077
1670857088,1.02,0.142
1670857088,1.018,0.09
1670857088,1.014,0.057
1670857088,1.011,0.01
1670857088,1.018,0.133
1670857088,1.016,0.102
1670857088,1.019,0.116
1670857088,1.014,0.076
1670857088,1.015,0.072
1670857088,1.017,0.05
1670857088,1.014,0.098
1670857088,1.018,0.079
1670857088,1.015,0.084
1670857088,1.016,0.085
1670857088,1.017,0.088
1670857088,1.015,0.091
1670857088,1.018,0.085
1670857088,1.018,0.114
1670857089,1.018,0.098
1670857089,1.016,0.093
1670857089,1.015,0.097
1670857089,1.017,0.111
1670857089,1.015,0.088
1670857089,1.017,0.069
1670857089,1.011,0.09
1670857089,1.016,0.098
1670857089,1.016,0.112
1670857089,1.015,0.096
1670857089,1.015,0.087
1670857089,1.018,0.094
1670857089,1.014,0.067
1670857089,1.012,0.081
1670857089,1.016,0.116
1670857089,1.017,0.07
1670857089,1.015,0.105
1670857089,1.018,0.092
1670857089,1.02,0.095
1670857089,1.016,0.103
1670857090,1.018,0.114
1670857090,1.016,0.085
1670857090,1.014,0.088
1670857090,1.017,0.098
1670857090,1.011,0.086
1670857090,1.017,0.092
1670857090,1.014,0.091
1670857090,1.013,0.089
1670857090,1.018,0.094
1670857090,1.015,0.092
1670857090,1.015,0.098
1670857090,1.01,0.09
1670857090,1.014,0.088
1670857090,1.016,0.09
1670857090,1.015,0.088
1670857090,1.017,0.087
1670857090,1.017,0.091
1670857090,1.019,0.088
1670857090,1.015,0.093
1670857090,1.015,0.092
1670857091,1.016,0.084
1670857091,1.014,0.092
1670857091,1.016,0.093
1670857091,1.015,0.088
1670857091,1.017,0.092
1670857091,1.013,0.086
1670857091,1.013,0.083
1670857091,1.018,0.091
1670857091,1.015,0.101
1670857091,1.013,0.088
1670857091,1.014,0.091
1670857091,1.017,0.094
1670857091,1.019,0.09
1670857091,1.016,0.089
1670857091,1.015,0.091
1670857091,1.014,0.09
1670857091,1.016,0.093
1670857091,1.015,0.096
1670857091,1.016,0.086
1670857091,1.016,0.102
1670857092,1.018,0.099
1670857092,1.015,0.096
1670857092,1.016,0.093
1670857092,1.015,0.096
1670857092,1.014,0.091
1670857092,1.015,0.092
1670857092,1.016,0.092
1670857092,1.022,0.094
1670857092,1.015,0.089
1670857092,1.014,0.088
1670857092,1.016,0.093
1670857092,1.02,0.097
1670857092,1.016,0.089
1670857092,1.015,0.09
1670857092,1.016,0.091
1670857092,1.017,0.092
1670857092,1.016,0.092
1670857092,1.014,0.092
1670857092,1.015,0.094
1670857092,1.017,0.091
1670857093,1.014,0.08
1670857093,1.014,0.097
1670857093,1.016,0.091
1670857093,1.018,0.093
1670857093,1.017,0.104
1670857093,1.015,0.094
1670857093,1.016,0.084
1670857093,1.014,0.087
1670857093,1.019,0.087
1670857093,1.016,0.085
1670857093,1.02,0.089
1670857093,1.016,0.093
1670857093,1.015,0.089
1670857093,1.014,0.099
1670857093,1.017,0.091
1670857093,1.015,0.092
1670857093,1.016,0.085
1670857093,1.016,0.1
1670857093,1.016,0.091
1670857093,1.015,0.086
1670857094,1.017,0.092
1670857094,1.018,0.089
1670857094,1.018,0.098
1670857094,1.014,0.099
1670857094,1.018,0.098
1670857094,1.016,0.087
1670857094,1.014,0.097
1670857094,1.017,0.091
1670857094,1.015,0.096
1670857094,1.015,0.096
1670857094,1.013,0.093
1670857094,1.016,0.091
1670857094,1.017,0.096
1670857094,1.016,0.095
1670857094,1.016,0.072
1670857094,1.017,0.123
1670857094,1.016,0.063
1670857094,1.017,0.093
1670857094,1.013,0.066
1670857094,1.016,0.089
1670857095,1.02,0.066
1670857095,1.013,0.103
1670857095,1.014,0.078
1670857095,1.017,0.094
1670857095,1.016,0.074
1670857095,1.017,0.101
1670857095,1.016,0.091
1670857095,1.018,0.105
1670857095,1.015,0.089
1670857095,1.016,0.1
1670857095,1.016,0.084
1670857095,1.012,0.094
1670857095,1.017,0.091
1670857095,1.016,0.106
1670857095,1.015,0.095
1670857095,1.015,0.087
1670857095,1.014,0.093
1670857095,1.015,0.092
1670857095,1.016,0.084
1670857095,1.017,0.089
1670857096,1.015,0.092
1670857096,1.016,0.097
1670857096,1.014,0.095
1670857096,1.016,0.094
1670857096,1.015,0.094
1670857096,1.017,0.09
1670857096,1.018,0.093
1670857096,1.016,0.087
1670857096,1.017,0.09
1670857096,1.015,0.092
1670857096,1.016,0.098
1670857096,1.017,0.096
1670857096,1.015,0.096
1670857096,1.015,0.094
1670857096,1.017,0.095
1670857096,1.016,0.095
1670857096,1.015,0.092
1670857096,1.014,0.079
1670857096,1.018,0.092
1670857096,1.018,0.089
1670857097,1.018,0.095
1670857097,1.017,0.089
1670857097,1.019,0.091
1670857097,1.015,0.092
1670857097,1.016,0.099
1670857097,1.018,0.101
1670857097,1.015,0.098
1670857097,1.018,0.094
1670857097,1.017,0.087
1670857097,1.017,0.1
1670857097,1.017,0.092
1670857097,1.016,0.088
1670857097,1.016,0.094
1670857097,1.014,0.094
1670857097,1.016,0.092
1670857097,1.019,0.093
1670857097,1.016,0.087
1670857097,1.017,0.086
1670857097,1.017,0.09
1670857097,1.015,0.086
1670857098,1.018,0.093
1670857098,1.017,0.092
1670857098,1.013,0.084
1670857098,1.015,0.091
1670857098,1.015,0.09
1670857098,1.019,0.081
1670857098,1.018,0.096
1670857098,1.018,0.099
1670857098,1.014,0.089
1670857098,1.019,0.093
1670857098,1.018,0.088
1670857098,1.015,0.085
1670857098,1.016,0.086
1670857098,1.017,0.095
1670857098,1.017,0.093
1670857098,1.016,0.092
1670857098,1.02,0.09
1670857098,1.019,0.092
1670857098,1.015,0.102
1670857098,1.018,0.093
1670857099,1.017,0.091
1670857099,1.017,0.086
1670857099,1.015,0.093
1670857099,1.014,0.085
1670857099,1.019,0.086
1670857099,1.016,0.093
1670857099,1.016,0.09
1670857099,1.017,0.079
1670857099,1.012,0.09
1670857099,1.014,0.096
1670857099,1.015,0.096
1670857099,1.015,0.099
1670857099,1.014,0.099
1670857099,1.014,0.093
1670857099,1.015,0.092
1670857099,1.015,0.074
1670857099,1.012,0.095
1670857099,1.016,0.096
1670857099,1.015,0.086
1670857099,1.017,0.094
1670857100,1.014,0.086
1670857100,1.014,0.106
1670857100,1.016,0.09
1670857100,1.017,0.102
1670857100,1.017,0.118
1670857100,1.014,0.09
1670857100,1.016,0.103
1670857100,1.017,0.096
1670857100,1.019,0.1
1670857100,1.015,0.082
1670857100,1.016,0.096
1670857100,1.016,0.08
1670857100,1.016,0.075
1670857100,1.019,0.079
1670857100,1.014,0.088
1670857100,1.017,0.105
1670857100,1.018,0.091
1670857100,1.018,0.111
1670857100,1.017,0.084
1670857100,1.016,0.101
1670857101,1.019,0.07
1670857101,1.015,0.104
1670857101,1.015,0.098
1670857101,1.019,0.103
1670857101,1.015,0.105
1670857101,1.017,0.064
1670857101,1.018,0.072
1670857101,1.018,0.134
1670857101,1.019,0.113
1670857101,1.015,0.065
1670857101,1.016,0.041
1670857101,1.017,0.093
1670857101,1.017,0.083
1670857101,1.018,0.087
1670857101,1.017,0.052
1670857101,1.021,0.081
1670857101,1.018,0.1
1670857101,1.016,0.117
1670857101,1.019,0.075
1670857101,1.014,0.099
1670857102,1.017,0.09
1670857102,1.018,0.092
1670857102,1.017,0.098
1670857102,1.02,0.111
1670857102,1.014,0.067
1670857102,1.015,0.087
1670857102,1.016,0.114
1670857102,1.019,0.132
1670857102,1.015,0.071
1670857102,1.016,0.063
1670857102,1.02,0.111
1670857102,1.019,0.106
1670857102,1.018,0.087
1670857102,1.016,0.09
1670857102,1.018,0.064
1670857102,1.015,0.083
1670857102,1.019,0.119
1670857102,1.016,0.061
1670857102,1.018,0.121
1670857102,1.015,0.116
1670857103,1.02,0.108
1670857103,1.013,0.024
1670857103,1.013,0.057
1670857103,1.017,0.107
1670857103,1.019,0.085
1670857103,1.018,0.118
1670857103,1.014,0.076
1670857103,1.018,0.117
1670857103,1.017,0.08
1670857103,1.013,0.096
1670857103,1.019,0.134
1670857103,1.021,0.092
1670857103,1.015,0.114
1670857103,1.02,0.125
1670857103,1.019,0.114
1670857103,1.014,0.077
1670857103,1.013,0.042
1670857103,1.015,0.097
1670857103,1.016,0.167
1670857103,1.018,0.108
1670857104,1.017,0.136
1670857104,1.014,0.085
1670857104,1.017,0.122
1670857104,1.015,0.132
1670857104,1.018,0.107
1670857104,1.011,0.097
1670857104,1.013,0.062
1670857104,1.018,0.138
1670857104,1.015,0.083
1670857104,1.015,0.055
1670857104,1.01,0.032
1670857104,1.02,0.133
1670857104,1.017,0.047
1670857104,1.016,0.094
1670857104,1.016,0.054
1670857104,1.014,0.141
1670857104,1.015,0.07
1670857104,1.017,0.106
1670857104,1.016,0.101
1670857104,1.016,0.085
1670857105,1.017,0.087
1670857105,1.016,0.081
1670857105,1.015,0.102
1670857105,1.016,0.055
1670857105,1.016,0.084
1670857105,1.014,0.098
1670857105,1.015,0.099
1670857105,1.017,0.094
1670857105,1.012,0.107
1670857105,1.019,0.09
1670857105,1.017,0.078
1670857105,1.014,0.103
1670857105,1.017,0.118
1670857105,1.017,0.089
1670857105,1.015,0.087
1670857105,1.014,0.105
1670857105,1.017,0.074
1670857105,1.014,0.086
1670857105,1.015,0.083
1670857105,1.02,0.086
1670857106,1.015,0.098
1670857106,1.017,0.045
1670857106,1.015,0.103
1670857106,1.014,0.101
1670857106,1.015,0.101
1670857106,1.017,0.091
1670857106,1.016,0.113
1670857106,1.013,0.099
1670857106,1.016,0.101
1670857106,1.016,0.089
1670857106,1.018,0.089
1670857106,1.016,0.088
1670857106,1.019,0.092
1670857106,1.014,0.092
1670857106,1.016,0.094
1670857106,1.013,0.098
1670857106,1.014,0.093
1670857106,1.019,0.096
1670857106,1.015,0.092
1670857106,1.015,0.098
1670857107,1.016,0.094
1670857107,1.013,0.096
1670857107,1.013,0.091
1670857107,1.014,0.092
1670857107,1.017,0.092
1670857107,1.02,0.086
1670857107,1.013,0.091
1670857107,1.013,0.094
1670857107,1.014,0.092
1670857107,1.02,0.099
1670857107,1.014,0.094
1670857107,1.015,0.095
1670857107,1.017,0.088
1670857107,1.014,0.09
1670857107,1.016,0.09
1670857107,1.013,0.09
1670857107,1.016,0.098
1670857107,1.018,0.096
1670857107,1.019,0.088
1670857107,1.017,0.093
1670857108,1.016,0.088
1670857108,1.016,0.098
1670857108,1.015,0.096
1670857108,1.018,0.091
1670857108,1.017,0.095
1670857108,1.013,0.095
1670857108,1.018,0.094
1670857108,1.016,0.093
1670857108,1.015,0.102
1670857108,1.016,0.105
1670857108,1.015,0.092
1670857108,1.019,0.094
1670857108,1.015,0.094
1670857108,1.016,0.092
1670857108,1.018,0.088
1670857108,1.014,0.091
1670857108,1.015,0.096
1670857108,1.015,0.088
1670857108,1.018,0.092
1670857108,1.016,0.102
1670857109,1.016,0.088
1670857109,1.016,0.1
1670857109,1.014,0.09
1670857109,1.017,0.092
1670857109,1.017,0.095
1670857109,1.018,0.095
1670857109,1.017,0.091
1670857109,1.016,0.092
1670857109,1.016,0.092
1670857109,1.014,0.101
1670857109,1.02,0.098
1670857109,1.016,0.09
1670857109,1.015,0.098
1670857109,1.014,0.09
1670857109,1.019,0.1
1670857109,1.015,0.095
1670857109,1.016,0.092
1670857109,1.016,0.091
1670857109,1.017,0.097
1670857109,1.018,0.086
1670857110,1.014,0.086
1670857110,1.015,0.099
1670857110,1.017,0.089
1670857110,1.018,0.101
1670857110,1.016,0.1
1670857110,1.018,0.095
1670857110,1.02,0.085
1670857110,1.016,0.093
1670857110,1.018,0.087
1670857110,1.012,0.086
1670857110,1.016,0.094
1670857110,1.015,0.087
1670857110,1.015,0.093
1670857110,1.019,0.085
1670857110,1.013,0.093
1670857110,1.019,0.094
1670857110,1.019,0.092
1670857110,1.014,0.094
1670857110,1.015,0.087
1670857110,1.017,0.092
1670857111,1.018,0.092
1670857111,1.016,0.106
1670857111,1.016,0.093
1670857111,1.018,0.085
1670857111,1.018,0.097
1670857111,1.017,0.087
1670857111,1.013,0.082
1670857111,1.017,0.104
1670857111,1.019,0.09
1670857111,1.017,0.09
1670857111,1.017,0.092
1670857111,1.017,0.089
1670857111,1.015,0.089
1670857111,1.016,0.098
1670857111,1.015,0.096
1670857111,1.017,0.094
1670857111,1.015,0.094
1670857111,1.02,0.09
1670857111,1.017,0.088
1670857111,1.019,0.091
1670857112,1.016,0.1
1670857112,1.013,0.097
1670857112,1.015,0.095
1670857112,1.018,0.092
1670857112,1.013,0.089
1670857112,1.016,0.097
1670857112,1.013,0.102
1670857112,1.013,0.092
1670857112,1.016,0.097
1670857112,1.018,0.09
1670857112,1.018,0.098
1670857112,1.013,0.089
1670857112,1.018,0.092
1670857112,1.012,0.093
1670857112,1.016,0.095
1670857112,1.015,0.09
1670857112,1.017,0.091
1670857112,1.012,0.102
1670857112,1.018,0.084
1670857112,1.016,0.094
1670857113,1.018,0.096
1670857113,1.014,0.094
1670857113,1.017,0.098
1670857113,1.014,0.096
1670857113,1.017,0.095
1670857113,1.015,0.094
1670857113,1.018,0.091
1670857113,1.014,0.097
1670857113,1.016,0.093
1670857113,1.013,0.09
1670857113,1.015,0.095
1670857113,1.015,0.085
1670857113,1.014,0.089
1670857113,1.015,0.098
1670857113,1.016,0.102
1670857113,1.018,0.091
1670857113,1.018,0.088
1670857113,1.014,0.093
1670857113,1.017,0.096
1670857113,1.017,0.096
1670857114,1.015,0.091
1670857114,1.018,0.099
1670857114,1.017,0.097
1670857114,1.019,0.1
1670857114,1.019,0.087
1670857114,1.017,0.094
1670857114,1.013,0.097
1670857114,1.016,0.085
1670857114,1.015,0.099
1670857114,1.016,0.092
1670857114,1.021,0.101
1670857114,1.018,0.095
1670857114,1.018,0.09
1670857114,1.016,0.103
1670857114,1.017,0.099
1670857114,1.013,0.096
1670857114,1.016,0.086
1670857114,1.02,0.088
1670857114,1.016,0.092
1670857114,1.015,0.094
1670857115,1.019,0.09
1670857115,1.018,0.096
1670857115,1.017,0.095
1670857115,1.016,0.093
1670857115,1.012,0.09
1670857115,1.018,0.095
1670857115,1.014,0.093
1670857115,1.018,0.091
1670857115,1.019,0.084
1670857115,1.017,0.097
1670857115,1.015,0.09
1670857115,1.016,0.094
1670857115,1.015,0.088
1670857115,1.015,0.098
1670857115,1.019,0.089
1670857115,1.016,0.094
1670857115,1.02,0.089
1670857115,1.019,0.089
1670857115,1.016,0.101
1670857115,1.015,0.095
1670857116,1.017,0.092
1670857116,1.018,0.086
1670857116,1.019,0.099
1670857116,1.017,0.096
1670857116,1.014,0.098
1670857116,1.015,0.081
1670857116,1.015,0.103
1670857116,1.015,0.073
1670857116,1.019,0.076
1670857116,1.018,0.075
1670857116,1.017,0.085
1670857116,1.018,0.078
1670857116,1.017,0.088
1670857116,1.016,0.089
1670857116,1.014,0.088
1670857116,1.018,0.092
1670857116,1.015,0.08
1670857116,1.018,0.079
1670857116,1.017,0.09
1670857116,1.014,0.109
1670857117,1.013,0.092
1670857117,1.016,0.101
1670857117,1.016,0.093
1670857117,1.017,0.099
1670857117,1.015,0.076
1670857117,1.021,0.124
1670857117,1.013,0.083
1670857117,1.014,0.068
1670857117,1.015,0.09
1670857117,1.022,0.08
1670857117,1.017,0.085
1670857117,1.011,0.038
1670857117,1.017,0.086
1670857117,1.017,0.148
1670857117,1.018,0.131
1670857117,1.014,0.034
1670857117,1.015,0.143
1670857117,1.017,0.086
1670857117,1.018,0.119
1670857117,1.014,0.109
1670857118,1.016,0.06
1670857118,1.015,0.082
1670857118,1.017,0.099
1670857118,1.018,0.101
1670857118,1.016,0.079
1670857118,1.017,0.109
1670857118,1.019,0.12
1670857118,1.017,0.067
1670857118,1.016,0.125
1670857118,1.018,0.126
1670857118,1.016,0.092
1670857118,1.012,0.069
1670857118,1.02,0.076
1670857118,1.016,0.101
1670857118,1.016,0.085
1670857118,1.014,0.069
1670857118,1.016,0.05
1670857118,1.017,0.104
1670857118,1.019,0.09
1670857118,1.019,0.115
1670857119,1.014,0.109
1670857119,1.013,0.09
1670857119,1.017,0.091
1670857119,1.014,0.079
1670857119,1.016,0.134
1670857119,1.014,0.1
1670857119,1.018,0.077
1670857119,1.011,0.056
1670857119,1.016,0.104
1670857119,1.013,0.098
1670857119,1.011,0.148
1670857119,1.014,0.086
1670857119,1.014,0.072
1670857119,1.017,0.096
1670857119,1.016,0.045
1670857119,1.015,0.063
1670857119,1.015,0.056
1670857119,1.017,0.127
1670857119,1.014,0.055
1670857119,1.018,0.078
1670857120,1.016,0.12
1670857120,1.019,0.043
1670857120,1.014,0.076
1670857120,1.014,0.099
1670857120,1.019,0.083
1670857120,1.014,0.099
1670857120,1.015,0.055
1670857120,1.015,0.051
1670857120,1.015,0.143
1670857120,1.018,0.128
1670857120,1.018,0.095
1670857120,1.015,0.105
1670857120,1.016,0.061
1670857120,1.017,0.109
1670857120,1.015,0.109
1670857120,1.015,0.075
1670857120,1.02,0.147
1670857120,1.013,0.069
1670857120,1.014,0.06
1670857120,1.012,0.072
1670857121,1.015,0.117
1670857121,1.016,0.131
1670857121,1.015,0.066
1670857121,1.015,0.133
1670857121,1.015,0.084
1670857121,1.014,0.103
1670857121,1.018,0.089
1670857121,1.018,0.097
1670857121,1.012,0.069
1670857121,1.016,0.079
1670857121,1.018,0.092
1670857121,1.017,0.122
1670857121,1.019,0.115
1670857121,1.015,0.108
1670857121,1.018,0.106
1670857121,1.012,0.066
1670857121,1.02,0.096
1670857121,1.018,0.11
1670857121,1.015,0.09
1670857121,1.018,0.087
1670857122,1.013,0.092
1670857122,1.02,0.094
1670857122,1.016,0.125
1670857122,1.017,0.086
1670857122,1.013,0.126
1670857122,1.017,0.085
1670857122,1.018,0.089
1670857122,1.01,0.079
1670857122,1.016,0.109
1670857122,1.015,0.106
1670857122,1.016,0.095
1670857122,1.017,0.084
1670857122,1.015,0.09
1670857122,1.017,0.088
1670857122,1.015,0.106
1670857122,1.014,0.084
1670857122,1.012,0.093
1670857122,1.013,0.087
1670857122,1.012,0.089
1670857122,1.013,0.094
1670857123,1.015,0.095
1670857123,1.014,0.088
1670857123,1.017,0.088
1670857123,1.012,0.095
1670857123,1.014,0.096
1670857123,1.016,0.092
1670857123,1.018,0.093
1670857123,1.015,0.088
1670857123,1.015,0.094
1670857123,1.017,0.098
1670857123,1.014,0.088
1670857123,1.019,0.096
1670857123,1.016,0.089
1670857123,1.014,0.095
1670857123,1.017,0.099
1670857123,2.395,0.092
1670857123,2.452,0.093
1670857123,2.449,0.093
1670857123,2.453,0.091
1670857123,2.452,0.085
1670857124,2.45,0.091
1670857124,2.455,0.098
1670857124,2.453,0.098
1670857124,2.455,0.09
1670857124,2.455,0.099
1670857124,2.454,0.083
1670857124,2.452,0.097
1670857124,2.452,0.091
1670857124,2.077,0.1
1670857124,1.018,0.096
1670857124,1.015,0.09
1670857124,1.015,0.089
1670857124,1.017,0.094
1670857124,1.013,0.098
1670857124,1.017,1.869
1670857124,1.017,8.207
1670857124,1.014,8.21
1670857124,1.016,8.211
1670857124,1.013,8.209
1670857124,1.015,8.211
1670857125,1.013,8.214
1670857125,1.015,8.211
1670857125,1.015,8.204
1670857125,1.013,8.219
1670857125,1.017,8.213
1670857125,1.014,8.22
1670857125,1.016,1.71
1670857125,1.014,0.093
1670857125,1.014,0.084
1670857125,1.015,0.089
1670857125,1.015,0.098
1670857125,1.02,0.091
1670857125,1.016,0.093
1670857125,1.965,0.086
1670857125,2.45,0.092
1670857125,2.454,0.097
1670857125,2.45,0.096
1670857125,2.449,0.085
1670857125,2.452,0.088
1670857125,2.45,0.099
1670857126,2.452,0.096
1670857126,2.451,0.096
1670857126,2.453,0.098
1670857126,2.453,0.088
1670857126,2.453,0.093
1670857126,2.452,0.095
1670857126,2.449,0.088
1670857126,2.452,0.099
1670857126,2.451,0.091
1670857126,1.015,0.09
1670857126,1.018,0.099
1670857126,1.016,0.087
1670857126,1.014,1.227
1670857126,1.016,8.213
1670857126,1.013,8.213
1670857126,1.015,8.21
1670857126,1.017,8.219
1670857126,1.017,8.215
1670857126,1.014,8.206
1670857126,1.014,8.217
1670857127,1.016,8.213
1670857127,1.017,8.214
1670857127,1.017,8.203
1670857127,1.014,8.218
1670857127,1.762,8.218
1670857127,2.45,8.217
1670857127,2.449,8.213
1670857127,2.447,0.87
1670857127,2.45,0.091
1670857127,2.451,0.107
1670857127,2.451,0.078
1670857127,2.45,0.1
1670857127,2.454,0.084
1670857127,2.452,0.091
1670857127,2.449,0.099
1670857127,2.452,0.081
1670857127,2.451,0.086
1670857127,2.45,0.096
1670857127,2.453,0.092
1670857127,2.25,0.095
1670857128,1.02,0.1
1670857128,1.019,0.086
1670857128,1.015,0.087
1670857128,1.017,0.097
1670857128,1.016,6.08
1670857128,1.016,8.208
1670857128,1.014,8.209
1670857128,1.015,8.208
1670857128,1.013,8.205
1670857128,1.01,8.199
1670857128,1.015,8.211
1670857128,1.012,8.21
1670857128,1.017,8.21
1670857128,1.013,8.21
1670857128,1.015,8.211
1670857128,1.011,8.216
1670857128,1.014,8.207
1670857128,1.016,4.137
1670857128,1.016,0.095
1670857128,1.017,0.097
1670857129,1.016,0.1
1670857129,1.016,0.095
1670857129,1.013,0.09
1670857129,1.019,0.092
1670857129,1.018,0.098
1670857129,1.014,0.099
1670857129,1.017,0.096
1670857129,1.016,0.092
1670857129,1.017,0.087
1670857129,1.021,0.092
1670857129,1.015,0.096
1670857129,1.018,0.092
1670857129,1.015,0.094
1670857129,1.017,0.094
1670857129,1.014,0.087
1670857129,1.015,0.094
1670857129,1.017,0.095
1670857129,1.014,0.088
1670857129,1.018,0.083
1670857129,1.015,0.088
1670857130,1.019,0.089
1670857130,1.013,0.098
1670857130,1.013,0.089
1670857130,1.018,0.084
1670857130,1.019,0.082
1670857130,1.02,0.092
1670857130,1.017,0.078
1670857130,1.02,0.087
1670857130,1.016,0.094
1670857130,1.019,0.091
1670857130,1.016,0.077
1670857130,1.014,0.092
1670857130,1.016,0.095
1670857130,1.016,0.094
1670857130,1.019,0.085
1670857130,1.019,0.095
1670857130,1.018,0.095
1670857130,1.019,0.092
1670857130,1.015,0.094
1670857130,1.016,0.091
1670857131,1.018,0.09
1670857131,1.019,0.091
1670857131,1.016,0.096
1670857131,1.015,0.087
1670857131,1.018,0.085
1670857131,1.016,0.095
1670857131,1.018,0.098
1670857131,1.016,0.1
1670857131,1.014,0.082
1670857131,1.02,0.089
1670857131,1.014,0.101
1670857131,1.019,0.09
1670857131,1.017,0.093
1670857131,1.017,0.09
1670857131,1.014,0.09
1670857131,1.016,0.094
1670857131,1.017,0.083
1670857131,1.019,0.085
1670857131,1.021,0.088
1670857131,1.017,0.09
1670857132,1.018,0.087
1670857132,1.018,0.098
1670857132,1.018,0.1
1670857132,1.02,0.078
1670857132,1.012,0.123
1670857132,1.019,0.091
1670857132,1.015,0.089
1670857132,1.02,0.112
1670857132,1.016,0.094
1670857132,1.017,0.104
1670857132,1.018,0.088
1670857132,1.012,0.106
