,Channel A Last (V),Channel B Last (V)
1676025256,1.013,0.096
1676025256,1.007,0.095
1676025256,1.008,0.098
1676025256,1.01,0.098
1676025256,1.01,0.095
1676025256,1.008,0.098
1676025256,1.008,0.094
1676025256,1.008,0.093
1676025256,1.009,0.096
1676025256,1.012,0.093
1676025256,1.009,0.094
1676025256,1.008,0.095
1676025256,1.008,0.092
1676025257,1.009,0.097
1676025257,1.01,0.094
1676025257,1.012,0.095
1676025257,1.009,0.092
1676025257,1.008,0.095
1676025257,1.01,0.091
1676025257,1.007,0.093
1676025257,1.012,0.093
1676025257,1.009,0.094
1676025257,1.01,0.092
1676025257,1.007,0.093
1676025257,1.008,0.093
1676025257,1.011,0.096
1676025257,1.013,0.093
1676025257,1.015,0.094
1676025257,1.009,0.096
1676025257,1.011,0.093
1676025257,1.007,0.094
1676025257,1.011,0.092
1676025257,1.011,0.094
1676025258,1.012,0.095
1676025258,1.01,0.09
1676025258,1.012,0.093
1676025258,1.009,0.095
1676025258,1.01,0.092
1676025258,1.01,0.096
1676025258,1.009,0.097
1676025258,1.012,0.093
1676025258,1.009,0.096
1676025258,1.009,0.092
1676025258,1.01,0.093
1676025258,1.012,0.092
1676025258,1.01,0.096
1676025258,1.01,0.094
1676025258,1.01,0.091
1676025258,1.012,0.093
1676025258,1.013,0.093
1676025258,1.009,0.096
1676025258,1.008,0.094
1676025258,1.009,0.096
1676025259,1.007,0.093
1676025259,1.007,0.094
1676025259,1.012,0.095
1676025259,1.007,0.094
1676025259,1.01,0.095
1676025259,1.007,0.093
1676025259,1.008,0.097
1676025259,1.006,0.095
1676025259,1.009,0.096
1676025259,1.006,0.094
1676025259,1.009,0.096
1676025259,1.009,0.095
1676025259,1.008,0.095
1676025259,1.007,0.093
1676025259,1.009,0.093
1676025259,1.012,0.095
1676025259,1.011,0.091
1676025259,1.009,0.095
1676025259,1.011,0.096
1676025259,1.01,0.093
1676025260,1.007,0.096
1676025260,1.011,0.09
1676025260,1.01,0.094
1676025260,1.011,0.093
1676025260,1.01,0.096
1676025260,1.013,0.094
1676025260,1.009,0.092
1676025260,1.008,0.091
1676025260,1.007,0.092
1676025260,1.007,0.094
1676025260,1.007,0.097
1676025260,1.008,0.095
1676025260,1.01,0.093
1676025260,1.009,0.093
1676025260,1.007,0.093
1676025260,1.01,0.094
1676025260,1.012,0.095
1676025260,1.01,0.093
1676025260,1.008,0.094
1676025260,1.008,0.095
1676025261,1.011,0.096
1676025261,1.009,0.092
1676025261,1.011,0.093
1676025261,1.01,0.094
1676025261,1.009,0.093
1676025261,1.008,0.092
1676025261,1.009,0.095
1676025261,1.007,0.097
1676025261,1.007,0.093
1676025261,1.006,0.094
1676025261,1.006,0.092
1676025261,1.007,0.093
1676025261,1.007,0.099
1676025261,1.008,0.096
1676025261,1.009,0.096
1676025261,1.011,0.098
1676025261,1.008,0.096
1676025261,1.009,0.095
1676025261,1.009,0.094
1676025261,1.012,0.097
1676025262,1.011,0.093
1676025262,1.01,0.098
1676025262,1.01,0.094
1676025262,1.012,0.097
1676025262,1.005,0.095
1676025262,1.006,0.096
1676025262,1.011,0.095
1676025262,1.01,0.096
1676025262,1.008,0.095
1676025262,1.008,0.095
1676025262,1.01,0.094
1676025262,1.009,0.095
1676025262,1.01,0.095
1676025262,1.009,0.098
1676025262,1.01,0.098
1676025262,1.01,0.095
1676025262,1.009,0.096
1676025262,1.01,0.098
1676025262,1.009,0.095
1676025262,1.013,0.099
1676025263,1.011,0.098
1676025263,1.008,0.096
1676025263,1.012,0.096
1676025263,1.01,0.093
1676025263,1.011,0.094
1676025263,1.008,0.096
1676025263,1.008,0.093
1676025263,1.009,0.094
1676025263,1.009,0.095
1676025263,1.006,0.097
1676025263,1.013,0.097
1676025263,1.01,0.092
1676025263,1.012,0.094
1676025263,1.008,0.097
1676025263,1.009,0.095
1676025263,1.01,0.097
1676025263,1.009,0.098
1676025263,1.007,0.096
1676025263,1.009,0.098
1676025263,1.007,0.096
1676025264,1.01,0.093
1676025264,1.01,0.096
1676025264,1.01,0.096
1676025264,1.022,0.088
1676025264,1.011,0.094
1676025264,1.011,0.097
1676025264,1.011,0.097
1676025264,1.007,0.097
1676025264,1.009,0.096
1676025264,1.007,0.095
1676025264,1.007,0.095
1676025264,1.009,0.095
1676025264,1.01,0.096
1676025264,1.011,0.096
1676025264,1.01,0.095
1676025264,1.012,0.097
1676025264,1.012,0.097
1676025264,1.011,0.096
1676025264,1.012,0.095
1676025264,1.008,0.095
1676025265,1.007,0.094
1676025265,1.009,0.096
1676025265,1.011,0.097
1676025265,1.01,0.095
1676025265,1.009,0.096
1676025265,1.008,0.093
1676025265,1.01,0.093
1676025265,1.01,0.094
1676025265,1.008,0.092
1676025265,1.01,0.095
1676025265,1.01,0.099
1676025265,1.01,0.096
1676025265,1.007,0.097
1676025265,1.008,0.095
1676025265,1.009,0.1
1676025265,1.007,0.098
1676025265,1.01,0.095
1676025265,1.007,0.097
1676025265,1.008,0.096
1676025265,1.007,0.095
1676025266,1.011,0.097
1676025266,1.008,0.095
1676025266,1.009,0.092
1676025266,1.011,0.086
1676025266,1.011,0.104
1676025266,1.008,0.076
1676025266,1.009,0.101
1676025266,1.01,0.076
1676025266,1.007,0.095
1676025266,1.013,0.11
1676025266,1.008,0.091
1676025266,1.011,0.106
1676025266,1.008,0.099
1676025266,1.011,0.095
1676025266,1.011,0.084
1676025266,1.012,0.1
1676025266,1.009,0.092
1676025266,1.009,0.107
1676025266,1.008,0.092
1676025266,1.012,0.103
1676025267,1.008,0.096
1676025267,1.008,0.096
1676025267,1.01,0.099
1676025267,1.009,0.092
1676025267,1.009,0.108
1676025267,1.007,0.096
1676025267,1.007,0.101
1676025267,1.006,0.094
1676025267,1.01,0.101
1676025267,1.01,0.098
1676025267,1.01,0.095
1676025267,1.01,0.093
1676025267,1.012,0.1
1676025267,1.01,0.097
1676025267,1.01,0.096
1676025267,1.009,0.093
1676025267,1.008,0.097
1676025267,1.011,0.095
1676025267,1.011,0.096
1676025267,1.007,0.096
1676025268,1.007,0.099
1676025268,1.011,0.097
1676025268,1.012,0.095
1676025268,1.014,0.095
1676025268,1.012,0.099
1676025268,1.008,0.097
1676025268,1.011,0.098
1676025268,1.01,0.096
1676025268,1.01,0.097
1676025268,1.008,0.096
1676025268,1.01,0.098
1676025268,1.012,0.096
1676025268,1.011,0.096
1676025268,1.01,0.095
1676025268,1.005,0.096
1676025268,1.01,0.098
1676025268,1.01,0.097
1676025268,1.008,0.098
1676025268,1.008,0.096
1676025268,1.01,0.095
1676025269,1.008,0.097
1676025269,1.011,0.093
1676025269,1.01,0.098
1676025269,1.009,0.098
1676025269,1.011,0.102
1676025269,1.013,0.099
1676025269,1.009,0.098
1676025269,1.013,0.098
1676025269,1.013,0.098
1676025269,1.01,0.097
1676025269,1.011,0.096
1676025269,1.01,0.093
1676025269,1.01,0.096
1676025269,1.006,0.098
1676025269,1.01,0.1
1676025269,1.007,0.098
1676025269,1.006,0.1
1676025269,1.01,0.095
1676025269,1.007,0.098
1676025269,1.009,0.097
1676025270,1.007,0.097
1676025270,1.007,0.097
1676025270,1.012,0.099
1676025270,1.013,0.098
1676025270,1.014,0.097
1676025270,1.01,0.096
1676025270,1.009,0.095
1676025270,1.013,0.093
1676025270,1.01,0.097
1676025270,1.008,0.095
1676025270,1.011,0.097
1676025270,1.01,0.096
1676025270,1.01,0.097
1676025270,1.011,0.098
1676025270,1.01,0.099
1676025270,1.012,0.096
1676025270,1.009,0.097
1676025270,1.011,0.092
1676025270,1.009,0.097
1676025270,1.012,0.099
1676025271,1.008,0.094
1676025271,1.012,0.097
1676025271,1.013,0.094
1676025271,1.012,0.099
1676025271,1.013,0.099
1676025271,1.013,0.096
1676025271,1.01,0.094
1676025271,1.011,0.095
1676025271,1.013,0.099
1676025271,1.008,0.097
1676025271,1.008,0.097
1676025271,1.012,0.101
1676025271,1.009,0.099
1676025271,1.011,0.1
1676025271,1.011,0.093
1676025271,1.007,0.101
1676025271,1.013,0.097
1676025271,1.009,0.098
1676025271,1.013,0.101
1676025271,1.01,0.11
1676025272,1.008,0.095
1676025272,1.006,0.092
1676025272,1.011,0.098
1676025272,1.012,0.11
1676025272,1.011,0.091
1676025272,1.007,0.083
1676025272,1.011,0.095
1676025272,1.01,0.104
1676025272,1.009,0.088
1676025272,1.012,0.109
1676025272,1.011,0.094
1676025272,1.011,0.104
1676025272,1.009,0.108
1676025272,1.014,0.103
1676025272,1.01,0.105
1676025272,1.01,0.095
1676025272,1.012,0.084
1676025272,1.011,0.104
1676025272,1.007,0.082
1676025272,1.012,0.093
1676025273,1.014,0.09
1676025273,1.009,0.092
1676025273,1.008,0.116
1676025273,1.009,0.107
1676025273,1.011,0.098
1676025273,1.012,0.095
1676025273,1.011,0.096
1676025273,1.009,0.083
1676025273,1.014,0.12
1676025273,1.009,0.089
1676025273,1.011,0.114
1676025273,1.008,0.109
1676025273,1.012,0.109
1676025273,1.011,0.109
1676025273,1.009,0.076
1676025273,1.012,0.108
1676025273,1.006,0.089
1676025273,1.008,0.113
1676025273,1.012,0.114
1676025273,1.01,0.092
1676025274,1.011,0.088
1676025274,1.01,0.097
1676025274,1.009,0.111
1676025274,1.011,0.081
1676025274,1.011,0.087
1676025274,1.008,0.081
1676025274,1.008,0.088
1676025274,1.008,0.091
1676025274,1.012,0.108
1676025274,1.012,0.088
1676025274,1.009,0.103
1676025274,1.007,0.072
1676025274,1.013,0.103
1676025274,1.01,0.098
1676025274,1.009,0.076
1676025274,1.006,0.093
1676025274,1.006,0.099
1676025274,1.011,0.106
1676025274,1.011,0.101
1676025274,1.008,0.09
1676025275,1.006,0.072
1676025275,1.01,0.113
1676025275,1.009,0.103
1676025275,1.009,0.15
1676025275,1.005,0.085
1676025275,1.007,0.097
1676025275,1.007,0.094
1676025275,1.01,0.094
1676025275,1.008,0.095
1676025275,1.007,0.09
1676025275,1.008,0.092
1676025275,1.012,0.09
1676025275,1.009,0.112
1676025275,1.009,0.079
1676025275,1.013,0.12
1676025275,1.005,0.08
1676025275,1.01,0.105
1676025275,1.01,0.102
1676025275,1.007,0.064
1676025275,1.006,0.088
1676025276,1.013,0.095
1676025276,1.007,0.083
1676025276,1.011,0.105
1676025276,1.009,0.088
1676025276,1.007,0.098
1676025276,1.007,0.084
1676025276,1.009,0.1
1676025276,1.01,0.103
1676025276,1.007,0.076
1676025276,1.004,0.071
1676025276,1.012,0.097
1676025276,1.009,0.105
1676025276,1.008,0.081
1676025276,1.008,0.079
1676025276,1.01,0.075
1676025276,1.009,0.095
1676025276,1.011,0.149
1676025276,1.01,0.109
1676025276,1.012,0.062
1676025276,1.011,0.094
1676025277,1.012,0.108
1676025277,1.011,0.098
1676025277,1.011,0.108
1676025277,1.01,0.095
1676025277,1.015,0.117
1676025277,1.008,0.088
1676025277,1.006,0.106
1676025277,1.009,0.085
1676025277,1.008,0.093
1676025277,1.01,0.108
1676025277,1.01,0.096
1676025277,1.012,0.117
1676025277,1.01,0.085
1676025277,1.01,0.094
1676025277,1.009,0.094
1676025277,1.008,0.099
1676025277,1.008,0.077
1676025277,1.01,0.104
1676025277,1.013,0.095
1676025277,1.01,0.088
1676025278,1.008,0.098
1676025278,1.007,0.089
1676025278,1.011,0.095
1676025278,1.009,0.096
1676025278,1.01,0.08
1676025278,1.005,0.097
1676025278,1.012,0.111
1676025278,1.008,0.097
1676025278,1.014,0.105
1676025278,1.012,0.102
1676025278,1.01,0.099
1676025278,1.009,0.093
1676025278,1.009,0.092
1676025278,1.012,0.091
1676025278,1.01,0.104
1676025278,1.007,0.099
1676025278,1.01,0.098
1676025278,1.008,0.087
1676025278,1.009,0.093
1676025278,1.011,0.098
1676025279,1.007,0.1
1676025279,1.012,0.092
1676025279,1.01,0.101
1676025279,1.009,0.094
1676025279,1.009,0.096
1676025279,1.009,0.107
1676025279,1.008,0.096
1676025279,1.011,0.093
1676025279,1.011,0.094
1676025279,1.008,0.094
1676025279,1.01,0.098
1676025279,1.008,0.091
1676025279,1.011,0.099
1676025279,1.013,0.095
1676025279,1.01,0.095
1676025279,1.008,0.094
1676025279,1.014,0.097
1676025279,1.012,0.093
1676025279,1.011,0.095
1676025279,1.011,0.096
1676025280,1.007,0.098
1676025280,1.009,0.096
1676025280,1.007,0.095
1676025280,1.009,0.094
1676025280,1.01,0.1
1676025280,1.009,0.097
1676025280,1.007,0.096
1676025280,1.01,0.092
1676025280,1.01,0.097
1676025280,1.01,0.094
1676025280,1.009,0.099
1676025280,1.01,0.097
1676025280,1.011,0.101
1676025280,1.008,0.096
1676025280,1.004,0.092
1676025280,1.008,0.095
1676025280,1.012,0.096
1676025280,1.01,0.1
1676025280,1.008,0.099
1676025280,1.009,0.094
1676025281,1.011,0.098
1676025281,1.013,0.093
1676025281,1.013,0.096
1676025281,1.01,0.096
1676025281,1.007,0.098
1676025281,1.008,0.089
1676025281,1.012,0.098
1676025281,1.011,0.096
1676025281,1.007,0.095
1676025281,1.009,0.098
1676025281,1.01,0.096
1676025281,1.012,0.095
1676025281,1.008,0.094
1676025281,1.009,0.094
1676025281,1.011,0.098
1676025281,1.012,0.097
1676025281,1.013,0.095
1676025281,1.008,0.092
1676025281,1.01,0.097
1676025281,1.012,0.096
1676025282,1.008,0.097
1676025282,1.012,0.097
1676025282,1.01,0.098
1676025282,1.009,0.094
1676025282,1.014,0.099
1676025282,1.009,0.098
1676025282,1.009,0.092
1676025282,1.009,0.094
1676025282,1.01,0.097
1676025282,1.012,0.096
1676025282,1.01,0.093
1676025282,1.01,0.097
1676025282,1.011,0.095
1676025282,1.012,0.095
1676025282,1.01,0.097
1676025282,1.011,0.096
1676025282,1.011,0.095
1676025282,1.009,0.099
1676025282,1.012,0.098
1676025282,1.009,0.096
1676025283,1.009,0.098
1676025283,1.011,0.094
1676025283,1.006,0.095
1676025283,1.009,0.094
1676025283,1.009,0.096
1676025283,1.009,0.095
1676025283,1.014,0.098
1676025283,1.007,0.097
1676025283,1.011,0.096
1676025283,1.007,0.092
1676025283,1.011,0.099
1676025283,1.009,0.097
1676025283,1.008,0.098
1676025283,1.007,0.095
1676025283,1.01,0.096
1676025283,1.008,0.096
1676025283,1.01,0.098
1676025283,1.013,0.094
1676025283,1.012,0.096
1676025283,1.013,0.093
1676025284,1.008,0.098
1676025284,1.013,0.095
1676025284,1.007,0.097
1676025284,1.008,0.096
1676025284,1.01,0.099
1676025284,1.012,0.098
1676025284,1.01,0.097
1676025284,1.009,0.098
1676025284,1.007,0.097
1676025284,1.009,0.097
1676025284,1.005,0.099
1676025284,1.013,0.095
1676025284,1.011,0.099
1676025284,1.01,0.098
1676025284,1.009,0.097
1676025284,1.009,0.097
1676025284,1.01,0.095
1676025284,1.011,0.099
1676025284,1.01,0.098
1676025284,1.008,0.095
1676025285,1.008,0.096
1676025285,1.011,0.093
1676025285,1.012,0.096
1676025285,1.009,0.096
1676025285,1.008,0.095
1676025285,1.01,0.096
1676025285,1.011,0.094
1676025285,1.007,0.096
1676025285,1.013,0.096
1676025285,1.01,0.093
1676025285,1.012,0.095
1676025285,1.014,0.096
1676025285,1.01,0.096
1676025285,1.008,0.094
1676025285,1.01,0.093
1676025285,1.012,0.094
1676025285,1.008,0.095
1676025285,1.01,0.095
1676025285,1.01,0.095
1676025285,1.01,0.094
1676025286,1.008,0.094
1676025286,1.01,0.095
1676025286,1.011,0.097
1676025286,1.014,0.09
1676025286,1.011,0.095
1676025286,1.008,0.091
1676025286,1.011,0.097
1676025286,1.008,0.093
1676025286,1.01,0.093
1676025286,1.01,0.094
1676025286,1.009,0.095
1676025286,1.012,0.094
1676025286,1.011,0.096
1676025286,1.01,0.097
1676025286,1.011,0.097
1676025286,1.011,0.093
1676025286,1.008,0.098
1676025286,1.007,0.097
1676025286,1.012,0.097
1676025286,1.008,0.098
1676025287,1.011,0.092
1676025287,1.011,0.094
1676025287,1.01,0.097
1676025287,1.007,0.095
1676025287,1.01,0.097
1676025287,1.008,0.094
1676025287,1.01,0.096
1676025287,1.01,0.096
1676025287,1.009,0.098
1676025287,1.008,0.095
1676025287,1.008,0.092
1676025287,1.009,0.095
1676025287,1.009,0.094
1676025287,1.013,0.096
1676025287,1.012,0.093
1676025287,1.011,0.091
1676025287,1.01,0.097
1676025287,1.01,0.095
1676025287,1.01,0.096
1676025287,1.011,0.096
1676025288,1.012,0.096
1676025288,1.007,0.094
1676025288,1.01,0.095
1676025288,1.01,0.1
1676025288,1.014,0.097
1676025288,1.015,0.093
1676025288,1.01,0.096
1676025288,1.013,0.093
1676025288,1.01,0.097
1676025288,1.009,0.097
1676025288,1.012,0.097
1676025288,1.009,0.097
1676025288,1.012,0.098
1676025288,1.01,0.096
1676025288,1.009,0.095
1676025288,1.009,0.093
1676025288,1.008,0.096
1676025288,1.008,0.096
1676025288,1.011,0.096
1676025288,1.008,0.091
1676025289,1.008,0.097
1676025289,1.011,0.103
1676025289,1.009,0.095
1676025289,1.01,0.099
1676025289,1.01,0.095
1676025289,1.005,0.081
1676025289,1.009,0.095
1676025289,1.009,0.098
1676025289,1.009,0.101
1676025289,1.011,0.09
1676025289,1.011,0.096
1676025289,1.012,0.099
1676025289,1.01,0.101
1676025289,1.008,0.099
1676025289,1.009,0.099
1676025289,1.01,0.114
1676025289,1.011,0.095
1676025289,1.01,0.108
1676025289,1.011,0.1
1676025289,1.012,0.099
1676025290,1.012,0.101
1676025290,1.014,0.093
1676025290,1.008,0.104
1676025290,1.006,0.088
1676025290,1.009,0.096
1676025290,1.003,0.065
1676025290,1.006,0.076
1676025290,1.012,0.109
1676025290,1.009,0.104
1676025290,1.007,0.094
1676025290,1.012,0.108
1676025290,1.006,0.094
1676025290,1.01,0.121
1676025290,1.009,0.089
1676025290,1.007,0.074
1676025290,1.012,0.1
1676025290,1.009,0.121
1676025290,1.01,0.073
1676025290,1.012,0.097
1676025290,1.015,0.127
1676025291,1.01,0.086
1676025291,1.007,0.1
1676025291,1.008,0.116
1676025291,1.01,0.077
1676025291,1.009,0.085
1676025291,1.009,0.097
1676025291,1.008,0.101
1676025291,1.008,0.073
1676025291,1.012,0.097
1676025291,1.01,0.071
1676025291,1.009,0.098
1676025291,1.008,0.079
1676025291,1.011,0.089
1676025291,1.007,0.077
1676025291,1.008,0.103
1676025291,1.011,0.104
1676025291,1.012,0.103
1676025291,1.01,0.08
1676025291,1.01,0.106
1676025291,1.01,0.101
1676025292,1.01,0.126
1676025292,1.004,0.157
1676025292,1.006,0.096
1676025292,1.008,0.081
1676025292,1.012,0.076
1676025292,1.01,0.078
1676025292,1.012,0.092
1676025292,1.012,0.117
1676025292,1.009,0.078
1676025292,1.009,0.083
1676025292,1.011,0.109
1676025292,1.014,0.118
1676025292,1.01,0.092
1676025292,1.011,0.092
1676025292,1.012,0.122
1676025292,1.009,0.096
1676025292,1.01,0.1
1676025292,1.01,0.086
1676025292,1.011,0.101
1676025292,1.008,0.084
1676025293,1.011,0.094
1676025293,1.009,0.064
1676025293,1.012,0.106
1676025293,1.01,0.099
1676025293,1.007,0.097
1676025293,1.009,0.103
1676025293,1.009,0.099
1676025293,1.009,0.103
1676025293,1.007,0.066
1676025293,1.009,0.107
1676025293,1.01,0.079
1676025293,1.012,0.118
1676025293,1.011,0.092
1676025293,1.008,0.09
1676025293,1.011,0.086
1676025293,1.007,0.066
1676025293,1.008,0.11
1676025293,1.008,0.082
1676025293,1.007,0.063
1676025293,1.009,0.09
1676025294,1.009,0.07
1676025294,1.008,0.083
1676025294,0.99,0.07
1676025294,1.008,0.097
1676025294,1.013,0.106
1676025294,1.014,0.125
1676025294,1.009,0.084
1676025294,1.01,0.097
1676025294,1.011,0.098
1676025294,1.008,0.077
1676025294,1.008,0.086
1676025294,1.01,0.087
1676025294,1.009,0.099
1676025294,1.007,0.1
1676025294,1.009,0.099
1676025294,1.007,0.105
1676025294,1.008,0.11
1676025294,1.005,0.084
1676025294,1.009,0.106
1676025294,1.011,0.114
1676025295,1.011,0.108
1676025295,1.012,0.108
1676025295,1.006,0.083
1676025295,1.01,0.086
1676025295,1.008,0.102
1676025295,1.01,0.091
1676025295,1.007,0.097
1676025295,1.01,0.108
1676025295,1.008,0.088
1676025295,1.009,0.11
1676025295,1.007,0.078
1676025295,1.011,0.112
1676025295,1.011,0.115
1676025295,1.008,0.101
1676025295,1.012,0.091
1676025295,1.009,0.088
1676025295,1.005,0.086
1676025295,1.008,0.103
1676025295,1.008,0.106
1676025295,1.007,0.089
1676025296,1.011,0.111
1676025296,1.01,0.097
1676025296,1.007,0.096
1676025296,0.996,0.093
1676025296,1.01,0.09
1676025296,1.009,0.096
1676025296,1.01,0.098
1676025296,1.011,0.094
1676025296,1.012,0.097
1676025296,1.01,0.095
1676025296,1.009,0.095
1676025296,1.013,0.098
1676025296,1.01,0.094
1676025296,1.008,0.092
1676025296,1.01,0.094
1676025296,1.009,0.094
1676025296,1.009,0.091
1676025296,1.007,0.095
1676025296,1.008,0.095
1676025296,1.009,0.095
1676025297,1.008,0.094
1676025297,1.008,0.093
1676025297,1.008,0.093
1676025297,1.01,0.096
1676025297,1.01,0.099
1676025297,1.009,0.096
1676025297,1.007,0.095
1676025297,1.01,0.092
1676025297,1.007,0.094
1676025297,1.008,0.095
1676025297,1.011,0.097
1676025297,1.009,0.092
1676025297,1.008,0.096
1676025297,1.008,0.093
1676025297,1.006,0.096
1676025297,1.008,0.097
1676025297,1.01,0.096
1676025297,1.009,0.098
1676025297,1.01,0.095
1676025297,1.012,0.096
1676025298,1.009,0.097
1676025298,1.008,0.098
1676025298,1.009,0.094
1676025298,1.01,0.098
1676025298,1.011,0.096
1676025298,1.009,0.094
1676025298,1.013,0.094
1676025298,1.009,0.095
1676025298,1.011,0.095
1676025298,1.008,0.097
1676025298,1.011,0.096
1676025298,1.009,0.093
1676025298,1.007,0.094
1676025298,1.009,0.094
1676025298,1.009,0.095
1676025298,1.01,0.096
1676025298,1.008,0.093
1676025298,1.008,0.095
1676025298,1.008,0.097
1676025298,1.011,0.095
1676025299,1.007,0.096
1676025299,1.011,0.097
1676025299,1.01,0.098
1676025299,1.01,0.093
1676025299,1.007,0.099
1676025299,1.011,0.097
1676025299,1.013,0.097
1676025299,1.008,0.095
1676025299,1.013,0.095
1676025299,1.01,0.094
1676025299,1.008,0.1
1676025299,1.013,0.096
1676025299,1.009,0.093
1676025299,1.011,0.094
1676025299,1.008,0.095
1676025299,1.009,0.094
1676025299,1.008,0.095
1676025299,1.01,0.093
1676025299,1.013,0.1
1676025299,1.009,0.098
1676025300,1.007,0.094
1676025300,1.006,0.096
1676025300,1.006,0.099
1676025300,1.009,0.095
1676025300,1.011,0.093
1676025300,1.012,0.095
1676025300,1.01,0.097
1676025300,1.009,0.095
1676025300,1.011,0.097
1676025300,1.008,0.095
1676025300,1.014,0.096
1676025300,1.01,0.092
1676025300,1.01,0.093
1676025300,1.011,0.094
1676025300,1.006,0.092
1676025300,1.011,0.095
1676025300,1.011,0.095
1676025300,1.013,0.095
1676025300,1.008,0.093
1676025300,1.011,0.097
1676025301,1.011,0.112
1676025301,1.012,0.098
1676025301,1.011,0.095
1676025301,1.01,0.093
1676025301,1.007,0.094
1676025301,1.009,0.112
1676025301,1.003,0.083
1676025301,1.01,0.097
1676025301,1.008,0.088
1676025301,1.01,0.103
1676025301,1.011,0.086
1676025301,1.009,0.099
1676025301,1.009,0.088
1676025301,1.011,0.099
1676025301,1.01,0.09
1676025301,1.007,0.092
1676025301,1.008,0.098
1676025301,1.009,0.093
1676025301,1.009,0.097
1676025301,1.011,0.095
1676025302,1.011,0.1
1676025302,1.01,0.092
1676025302,1.01,0.098
1676025302,1.001,0.094
1676025302,1.009,0.096
1676025302,1.007,0.094
1676025302,1.007,0.094
1676025302,1.009,0.091
1676025302,1.008,0.096
1676025302,1.006,0.096
1676025302,1.01,0.094
1676025302,1.008,0.094
1676025302,1.009,0.096
1676025302,1.009,0.096
1676025302,1.01,0.092
1676025302,1.01,0.096
1676025302,1.007,0.097
1676025302,1.007,0.096
1676025302,1.009,0.093
1676025302,1.007,0.097
1676025303,1.008,0.095
1676025303,1.009,0.093
1676025303,1.012,0.095
1676025303,1.008,0.095
1676025303,1.009,0.095
1676025303,1.011,0.095
1676025303,1.013,0.093
1676025303,1.008,0.094
1676025303,1.01,0.098
1676025303,1.008,0.096
1676025303,1.01,0.094
1676025303,1.008,0.098
1676025303,1.007,0.097
1676025303,1.006,0.095
1676025303,1.01,0.095
1676025303,1.009,0.097
1676025303,1.01,0.097
1676025303,1.009,0.094
1676025303,1.007,0.095
1676025303,1.01,0.096
1676025304,1.01,0.095
1676025304,1.01,0.09
1676025304,1.01,0.096
1676025304,1.01,0.097
1676025304,1.009,0.093
1676025304,1.012,0.099
1676025304,1.009,0.094
1676025304,1.008,0.097
1676025304,1.009,0.099
1676025304,1.009,0.093
1676025304,1.01,0.096
1676025304,1.011,0.097
1676025304,1.009,0.093
1676025304,1.011,0.093
1676025304,1.009,0.098
1676025304,1.009,0.096
1676025304,1.01,0.096
1676025304,1.011,0.099
1676025304,1.01,0.098
1676025304,1.009,0.095
1676025305,1.012,0.095
1676025305,1.009,0.097
1676025305,1.004,0.096
1676025305,1.012,0.094
1676025305,1.011,0.094
1676025305,1.008,0.096
1676025305,1.013,0.095
1676025305,1.009,0.094
1676025305,1.01,0.097
1676025305,1.009,0.094
1676025305,1.008,0.094
1676025305,1.009,0.096
1676025305,1.011,0.097
1676025305,1.008,0.092
1676025305,1.009,0.094
1676025305,1.009,0.097
1676025305,1.008,0.095
1676025305,1.009,0.093
1676025305,1.008,0.095
1676025305,1.011,0.095
1676025306,1.01,0.095
1676025306,1.009,0.096
1676025306,1.006,0.095
1676025306,1.007,0.094
1676025306,1.009,0.094
1676025306,1.01,0.096
1676025306,1.006,0.092
1676025306,1.011,0.098
1676025306,1.008,0.104
1676025306,1.012,0.1
1676025306,1.009,0.086
1676025306,1.01,0.1
1676025306,1.01,0.093
1676025306,1.009,0.103
1676025306,1.007,0.099
1676025306,1.01,0.098
1676025306,1.007,0.094
1676025306,1.008,0.091
1676025306,1.01,0.092
1676025306,1.009,0.073
1676025307,1.011,0.105
1676025307,1.009,0.09
1676025307,1.009,0.093
1676025307,1.015,0.133
1676025307,1.007,0.108
1676025307,1.013,0.092
1676025307,1.007,0.078
1676025307,1.011,0.101
1676025307,1.006,0.08
1676025307,1.008,0.093
1676025307,1.009,0.09
1676025307,1.01,0.081
1676025307,1.007,0.087
1676025307,1.012,0.103
1676025307,1.01,0.093
1676025307,1.007,0.09
1676025307,1.007,0.08
1676025307,1.007,0.086
1676025307,1.009,0.079
1676025307,1.009,0.086
1676025308,1.009,0.085
1676025308,1.008,0.071
1676025308,1.009,0.1
1676025308,1.013,0.127
1676025308,1.008,0.087
1676025308,1.004,0.064
1676025308,1.005,0.067
1676025308,1.007,0.091
1676025308,1.011,0.126
1676025308,1.008,0.075
1676025308,1.011,0.084
1676025308,1.009,0.095
1676025308,1.01,0.082
1676025308,1.009,0.106
1676025308,1.009,0.105
1676025308,1.009,0.096
1676025308,1.012,0.089
1676025308,1.008,0.099
1676025308,1.011,0.102
1676025308,1.008,0.076
1676025309,1.009,0.106
1676025309,1.006,0.086
1676025309,1.007,0.08
1676025309,1.01,0.098
1676025309,1.019,0.152
1676025309,1.007,0.076
1676025309,1.011,0.106
1676025309,1.013,0.113
1676025309,1.008,0.07
1676025309,1.01,0.081
1676025309,1.007,0.102
1676025309,1.01,0.106
1676025309,1.01,0.102
1676025309,1.011,0.104
1676025309,1.007,0.074
1676025309,1.011,0.089
1676025309,1.01,0.116
1676025309,1.011,0.109
1676025309,1.009,0.091
1676025309,1.006,0.085
1676025310,1.013,0.125
1676025310,1.009,0.095
1676025310,1.011,0.111
1676025310,1.009,0.115
1676025310,1.007,0.086
1676025310,1.008,0.098
1676025310,1.008,0.072
1676025310,1.01,0.116
1676025310,1.007,0.074
1676025310,1.01,0.098
1676025310,1.004,0.049
1676025310,1.009,0.088
1676025310,1.011,0.111
1676025310,1.011,0.103
1676025310,1.012,0.087
1676025310,1.013,0.116
1676025310,1.008,0.088
1676025310,1.012,0.107
1676025310,1.013,0.101
1676025310,1.011,0.115
1676025311,1.013,0.079
1676025311,1.01,0.086
1676025311,1.01,0.105
1676025311,1.008,0.079
1676025311,1.012,0.102
1676025311,1.013,0.084
1676025311,1.007,0.052
1676025311,1.786,0.095
1676025311,2.445,0.095
1676025311,2.446,0.103
1676025311,2.442,0.086
1676025311,2.444,0.079
1676025311,2.444,0.082
1676025311,2.447,0.093
1676025311,2.447,0.087
1676025311,2.442,0.092
1676025311,2.447,0.113
1676025311,2.446,0.091
1676025311,2.445,0.108
1676025311,2.444,0.119
1676025312,2.443,0.089
1676025312,1.814,0.089
1676025312,1.008,0.084
1676025312,1.011,0.085
1676025312,1.009,0.081
1676025312,1.012,0.107
1676025312,1.009,0.092
1676025312,1.006,5.246
1676025312,1.009,8.168
1676025312,1.008,8.168
1676025312,1.005,8.164
1676025312,1.01,8.163
1676025312,1.007,8.164
1676025312,1.006,8.159
1676025312,1.008,8.167
1676025312,1.007,8.167
1676025312,1.014,8.167
1676025312,1.009,8.174
1676025312,1.007,8.089
1676025312,1.008,7.804
1676025313,1.008,0.072
1676025313,1.007,0.1
1676025313,1.009,0.087
1676025313,1.008,0.099
1676025313,1.012,0.102
1676025313,1.007,0.083
1676025313,1.012,0.097
1676025313,1.011,0.084
1676025313,1.01,0.1
1676025313,1.009,0.098
1676025313,1.008,0.102
1676025313,1.01,0.089
1676025313,1.009,0.097
1676025313,1.011,0.092
1676025313,1.008,0.098
1676025313,1.01,0.095
1676025313,1.01,0.094
1676025313,1.007,0.095
1676025313,1.01,0.096
1676025313,1.01,0.09
1676025314,1.011,0.096
1676025314,1.007,0.09
1676025314,1.011,0.097
1676025314,1.01,0.095
1676025314,1.01,0.098
1676025314,1.009,0.098
1676025314,1.011,0.095
1676025314,1.013,0.097
1676025314,1.009,0.096
1676025314,1.009,0.093
1676025314,1.012,0.095
1676025314,1.007,0.093
1676025314,1.011,0.095
1676025314,1.009,0.095
1676025314,1.009,0.097
1676025314,1.007,0.098
1676025314,1.009,0.096
1676025314,1.009,0.096
1676025314,1.007,0.097
1676025314,1.01,0.095
1676025315,1.008,0.094
1676025315,1.009,0.093
1676025315,1.009,0.092
1676025315,1.007,0.096
1676025315,1.005,0.095
1676025315,1.005,0.096
1676025315,1.007,0.096
1676025315,1.008,0.095
1676025315,1.006,0.097
1676025315,1.006,0.093
1676025315,1.01,0.095
1676025315,1.011,0.095
1676025315,1.011,0.096
1676025315,1.01,0.095
1676025315,1.011,0.091
1676025315,1.009,0.095
1676025315,1.01,0.095
1676025315,1.007,0.09
1676025315,1.013,0.092
1676025315,1.009,0.096
1676025316,1.009,0.092
1676025316,1.008,0.095
1676025316,1.008,0.098
1676025316,1.007,0.097
1676025316,1.007,0.096
1676025316,1.009,0.097
1676025316,1.012,0.096
1676025316,1.008,0.095
1676025316,1.008,0.097
1676025316,1.006,0.094
1676025316,1.008,0.094
1676025316,1.01,0.094
1676025316,1.009,0.096
1676025316,1.008,0.095
1676025316,1.008,0.093
1676025316,1.009,0.095
1676025316,1.011,0.096
1676025316,1.007,0.097
1676025316,1.008,0.097
1676025316,1.008,0.096
1676025317,1.009,0.096
1676025317,1.008,0.097
1676025317,1.01,0.098
1676025317,1.013,0.095
1676025317,1.008,0.094
1676025317,1.011,0.096
1676025317,1.008,0.095
1676025317,1.011,0.099
1676025317,1.009,0.098
1676025317,1.009,0.091
1676025317,1.012,0.099
1676025317,1.011,0.095
1676025317,1.006,0.098
1676025317,1.009,0.096
1676025317,1.009,0.095
1676025317,1.01,0.096
1676025317,1.008,0.097
1676025317,1.011,0.093
1676025317,1.009,0.093
1676025317,1.009,0.098
1676025318,1.01,0.097
1676025318,1.01,0.1
1676025318,1.01,0.097
1676025318,1.008,0.094
1676025318,1.01,0.094
1676025318,1.009,0.097
1676025318,1.012,0.101
1676025318,1.011,0.096
1676025318,1.008,0.093
1676025318,1.01,0.093
1676025318,1.011,0.095
1676025318,1.01,0.099
1676025318,1.008,0.098
1676025318,2.102,0.097
1676025318,2.44,0.096
1676025318,2.445,0.093
1676025318,2.444,0.094
1676025318,2.445,0.094
1676025318,2.447,0.098
1676025318,2.445,0.094
1676025319,2.444,0.096
1676025319,2.445,0.091
1676025319,2.445,0.095
1676025319,2.442,0.099
1676025319,2.445,0.098
1676025319,1.103,0.093
1676025319,1.01,0.095
1676025319,1.009,0.098
1676025319,1.009,0.1
1676025319,1.006,0.096
1676025319,1.01,0.093
1676025319,1.01,0.097
1676025319,1.01,0.098
1676025319,1.011,0.167
1676025319,1.009,0.093
1676025319,1.008,0.096
1676025319,1.011,0.096
1676025319,1.01,0.093
1676025319,1.012,0.095
1676025319,1.01,0.098
1676025320,1.013,0.095
1676025320,1.011,0.093
1676025320,1.008,0.093
1676025320,1.013,0.096
1676025320,1.003,0.096
1676025320,1.01,0.092
1676025320,1.009,0.095
1676025320,1.014,0.092
1676025320,1.009,0.097
1676025320,1.268,0.097
1676025320,2.443,0.096
1676025320,2.443,0.097
1676025320,2.445,0.095
1676025320,2.44,0.097
1676025320,2.442,0.097
1676025320,2.442,0.094
1676025320,2.442,0.094
1676025320,2.442,0.099
1676025320,2.444,0.096
1676025320,2.443,0.094
1676025321,2.446,0.096
1676025321,2.444,0.096
1676025321,2.443,0.092
1676025321,1.73,0.096
1676025321,1.007,0.091
1676025321,1.009,0.096
1676025321,1.009,0.097
1676025321,1.01,0.098
1676025321,1.008,0.092
1676025321,1.011,0.095
1676025321,1.009,0.195
1676025321,1.011,0.098
1676025321,1.012,0.098
1676025321,1.01,0.097
1676025321,1.01,0.096
1676025321,1.011,0.095
1676025321,1.012,0.095
1676025321,1.009,0.098
1676025321,1.008,0.105
1676025321,1.006,2.204
1676025322,1.01,4.307
1676025322,1.009,3.339
1676025322,1.011,0.098
1676025322,1.01,0.095
1676025322,1.01,0.096
1676025322,1.011,0.096
1676025322,1.009,0.096
1676025322,1.01,0.095
1676025322,1.012,0.097
1676025322,1.01,0.096
1676025322,1.009,0.097
1676025322,1.011,0.095
1676025322,1.011,0.096
1676025322,1.013,0.094
1676025322,1.013,0.097
1676025322,1.012,0.093
1676025322,1.013,0.092
1676025322,1.012,0.093
1676025322,1.012,0.097
1676025322,1.013,0.09
1676025323,1.009,0.092
1676025323,1.008,0.093
1676025323,1.01,0.099
1676025323,1.013,0.094
1676025323,1.016,0.095
1676025323,1.01,0.094
1676025323,1.012,0.092
1676025323,1.01,0.096
1676025323,1.008,0.096
1676025323,1.012,0.096
1676025323,1.013,0.099
1676025323,1.013,0.093
1676025323,1.011,0.096
1676025323,1.012,0.095
1676025323,1.009,0.085
1676025323,1.011,0.1
1676025323,1.007,0.096
1676025323,1.009,0.096
1676025323,1.006,0.087
1676025323,1.008,0.087
1676025324,1.012,0.106
1676025324,1.002,0.09
1676025324,1.009,0.097
1676025324,1.012,0.101
1676025324,1.011,0.085
1676025324,1.01,0.097
1676025324,1.008,0.101
1676025324,1.012,0.107
1676025324,1.011,0.091
1676025324,1.012,0.089
1676025324,1.007,0.089
1676025324,1.009,0.092
1676025324,1.011,0.09
1676025324,1.011,0.099
1676025324,1.011,0.092
1676025324,1.01,0.091
1676025324,1.011,0.092
1676025324,1.012,0.097
1676025324,1.006,0.075
1676025324,1.011,0.098
1676025325,1.011,0.104
1676025325,1.008,0.093
1676025325,1.012,0.1
1676025325,1.01,0.087
1676025325,1.01,0.084
1676025325,1.007,0.082
1676025325,1.011,0.093
1676025325,1.012,0.11
1676025325,1.011,0.114
1676025325,1.012,0.103
1676025325,1.012,0.092
1676025325,1.011,0.103
1676025325,1.011,0.114
1676025325,1.011,0.12
1676025325,1.011,0.079
1676025325,1.01,0.105
1676025325,1.006,0.078
1676025325,1.01,0.082
1676025325,1.009,0.08
1676025325,1.008,0.081
1676025326,1.01,0.088
1676025326,1.01,0.096
1676025326,1.005,0.033
1676025326,1.009,0.087
1676025326,1.012,0.09
1676025326,1.009,0.077
1676025326,1.01,0.068
1676025326,1.009,0.084
1676025326,1.01,0.097
1676025326,1.008,0.103
1676025326,1.008,0.118
1676025326,1.011,0.116
1676025326,1.011,0.112
1676025326,1.01,0.076
1676025326,1.005,0.08
1676025326,1.012,0.104
1676025326,1.012,0.101
1676025326,1.012,0.077
1676025326,1.01,0.093
1676025326,1.011,0.106
1676025327,1.014,0.105
1676025327,1.009,0.092
1676025327,1.006,0.097
1676025327,1.007,0.08
1676025327,1.009,0.094
1676025327,1.008,0.089
1676025327,1.01,0.086
1676025327,1.007,0.076
1676025327,1.011,0.092
1676025327,1.01,0.102
1676025327,1.009,0.09
1676025327,1.005,0.084
1676025327,1.009,0.087
1676025327,1.012,0.104
1676025327,1.011,0.11
1676025327,1.011,0.099
1676025327,1.009,0.103
1676025327,1.009,0.099
1676025327,1.009,0.073
1676025327,1.012,0.084
1676025328,1.009,0.115
1676025328,1.013,0.096
1676025328,1.009,0.106
1676025328,1.003,0.115
1676025328,1.012,0.104
1676025328,1.011,0.08
1676025328,1.014,0.118
1676025328,1.012,0.098
1676025328,1.012,0.106
1676025328,1.008,0.083
1676025328,1.009,0.072
1676025328,1.009,0.085
1676025328,1.011,0.103
1676025328,1.007,0.056
1676025328,1.01,0.073
1676025328,1.011,0.111
1676025328,1.01,0.094
1676025328,1.012,0.11
1676025328,1.008,0.096
1676025328,1.011,0.117
1676025329,1.007,0.11
1676025329,1.008,0.06
1676025329,1.01,0.098
1676025329,1.012,0.086
1676025329,1.008,0.08
1676025329,1.011,0.09
1676025329,1.01,0.106
1676025329,1.011,0.089
1676025329,1.009,0.078
1676025329,1.014,0.093
1676025329,1.006,0.099
1676025329,1.012,0.095
1676025329,1.012,0.094
1676025329,1.012,0.102
1676025329,1.012,0.102
1676025329,1.014,0.108
1676025329,1.011,0.098
1676025329,1.008,0.102
1676025329,1.008,0.088
1676025329,1.011,0.098
1676025330,1.009,0.082
1676025330,1.01,0.109
1676025330,1.013,0.105
1676025330,1.01,0.084
1676025330,1.015,0.103
1676025330,1.011,0.105
1676025330,1.01,0.105
1676025330,1.01,0.095
1676025330,1.009,0.094
1676025330,1.009,0.095
1676025330,1.012,0.091
1676025330,1.011,0.085
1676025330,1.01,0.084
1676025330,1.009,0.079
1676025330,1.009,0.097
1676025330,1.013,0.104
1676025330,1.007,0.093
1676025330,1.01,0.091
1676025330,1.012,0.105
1676025330,1.012,0.098
1676025331,1.013,0.098
1676025331,1.009,0.095
1676025331,1.01,0.096
1676025331,1.012,0.094
1676025331,1.012,0.098
1676025331,1.013,0.088
1676025331,1.011,0.094
1676025331,1.01,0.093
1676025331,1.013,0.099
1676025331,1.008,0.095
1676025331,1.008,0.091
1676025331,1.009,0.096
1676025331,1.01,0.096
1676025331,1.011,0.095
1676025331,1.01,0.094
1676025331,1.009,0.091
1676025331,1.009,0.093
1676025331,1.013,0.095
1676025331,1.009,0.096
1676025331,1.009,0.094
1676025332,1.013,0.1
1676025332,1.013,0.099
1676025332,1.009,0.098
1676025332,1.007,0.096
1676025332,1.009,0.094
1676025332,1.008,0.096
1676025332,1.011,0.098
1676025332,1.01,0.093
1676025332,1.008,0.093
1676025332,1.009,0.095
1676025332,1.007,0.097
1676025332,1.014,0.091
1676025332,1.008,0.098
1676025332,1.011,0.095
1676025332,1.009,0.095
1676025332,1.011,0.098
1676025332,1.01,0.094
1676025332,1.007,0.093
1676025332,1.009,0.091
1676025332,1.01,0.094
1676025333,1.008,0.097
1676025333,1.01,0.095
1676025333,1.011,0.099
1676025333,1.009,0.096
1676025333,1.007,0.095
1676025333,1.014,0.101
1676025333,1.009,0.091
1676025333,1.01,0.094
1676025333,1.007,0.095
1676025333,1.014,0.094
1676025333,1.007,0.098
1676025333,1.01,0.095
1676025333,1.012,0.097
1676025333,1.007,0.098
1676025333,1.012,0.094
1676025333,1.01,0.093
1676025333,1.01,0.099
1676025333,1.009,0.093
1676025333,1.008,0.095
1676025333,1.015,0.093
1676025334,1.011,0.092
1676025334,1.009,0.091
1676025334,1.008,0.093
1676025334,1.012,0.095
1676025334,1.009,0.095
1676025334,1.008,0.096
1676025334,1.009,0.094
1676025334,1.011,0.096
1676025334,1.01,0.097
1676025334,1.012,0.098
1676025334,1.012,0.095
1676025334,1.009,0.095
1676025334,1.007,0.095
1676025334,1.011,0.097
1676025334,1.007,0.096
1676025334,1.009,0.095
1676025334,1.011,0.093
1676025334,1.009,0.094
1676025334,1.01,0.095
1676025334,1.009,0.094
1676025335,1.013,0.098
1676025335,1.007,0.093
1676025335,1.009,0.095
1676025335,1.008,0.092
1676025335,1.011,0.092
1676025335,1.01,0.096
1676025335,1.011,0.094
1676025335,1.01,0.094
1676025335,1.01,0.094
1676025335,1.01,0.094
1676025335,1.01,0.095
1676025335,1.01,0.094
1676025335,1.009,0.096
1676025335,1.009,0.095
1676025335,1.007,0.094
1676025335,1.01,0.097
1676025335,1.011,0.11
1676025335,1.012,0.082
1676025335,1.009,0.1
1676025335,1.011,0.105
1676025336,1.01,0.095
1676025336,1.009,0.096
1676025336,1.006,0.096
1676025336,1.009,0.096
1676025336,1.008,0.069
1676025336,1.012,0.098
1676025336,1.012,0.089
1676025336,1.013,0.099
1676025336,1.011,0.079
1676025336,1.012,0.104
1676025336,1.011,0.095
1676025336,1.011,0.088
1676025336,1.012,0.093
1676025336,1.01,0.086
1676025336,1.01,0.098
1676025336,1.01,0.092
1676025336,1.013,0.1
1676025336,1.007,0.089
1676025336,1.008,0.098
1676025336,1.009,0.09
1676025337,1.008,0.097
1676025337,1.009,0.096
1676025337,1.009,0.093
1676025337,1.01,0.093
1676025337,1.008,0.099
1676025337,1.009,0.095
1676025337,1.013,0.094
1676025337,1.007,0.095
1676025337,1.007,0.096
1676025337,1.01,0.094
1676025337,1.011,0.096
1676025337,1.013,0.096
1676025337,1.012,0.094
1676025337,1.009,0.097
1676025337,1.011,0.094
1676025337,1.013,0.094
1676025337,1.013,0.094
1676025337,1.01,0.094
1676025337,1.008,0.093
1676025337,1.011,0.095
1676025338,1.009,0.098
1676025338,1.01,0.095
1676025338,1.011,0.095
1676025338,1.011,0.095
1676025338,1.011,0.095
1676025338,1.007,0.098
1676025338,1.01,0.093
1676025338,1.008,0.095
1676025338,1.011,0.1
1676025338,1.011,0.093
1676025338,1.011,0.093
1676025338,1.007,0.092
1676025338,1.011,0.098
1676025338,1.012,0.098
1676025338,1.01,0.094
1676025338,1.01,0.093
1676025338,1.011,0.093
1676025338,1.011,0.096
1676025338,1.011,0.096
1676025338,1.01,0.096
1676025339,1.007,0.093
1676025339,1.012,0.096
1676025339,1.008,0.095
1676025339,1.013,0.099
1676025339,1.01,0.095
1676025339,1.011,0.097
1676025339,1.009,0.095
1676025339,1.011,0.096
1676025339,1.009,0.099
1676025339,1.012,0.097
1676025339,1.011,0.096
1676025339,1.013,0.101
1676025339,1.01,0.095
1676025339,1.01,0.096
1676025339,1.015,0.098
1676025339,1.011,0.094
1676025339,1.01,0.097
1676025339,1.009,0.096
1676025339,1.009,0.098
1676025339,1.011,0.096
1676025340,1.01,0.094
1676025340,1.01,0.098
1676025340,1.006,0.102
1676025340,1.009,0.098
1676025340,1.009,0.096
1676025340,1.009,0.096
1676025340,1.007,0.096
1676025340,1.013,0.096
1676025340,1.008,0.097
1676025340,1.011,0.094
1676025340,1.011,0.095
1676025340,1.011,0.1
1676025340,1.011,0.096
1676025340,1.009,0.099
1676025340,1.009,0.099
1676025340,1.009,0.095
1676025340,1.01,0.098
1676025340,1.009,0.093
1676025340,1.008,0.095
1676025340,1.008,0.093
1676025341,1.01,0.094
1676025341,1.007,0.094
1676025341,1.009,0.095
1676025341,1.008,0.097
1676025341,1.012,0.096
1676025341,1.008,0.096
1676025341,1.01,0.106
1676025341,1.009,0.106
1676025341,1.01,0.104
1676025341,1.006,0.096
1676025341,1.007,0.09
1676025341,1.011,0.089
1676025341,1.008,0.092
1676025341,1.009,0.102
1676025341,1.008,0.1
1676025341,1.008,0.091
1676025341,1.009,0.115
1676025341,1.005,0.095
1676025341,1.006,0.109
1676025341,1.01,0.102
1676025342,1.011,0.094
1676025342,1.007,0.087
1676025342,1.007,0.087
1676025342,1.009,0.104
1676025342,1.008,0.101
1676025342,1.008,0.093
1676025342,1.007,0.091
1676025342,1.009,0.098
1676025342,1.011,0.103
1676025342,1.008,0.086
1676025342,1.006,0.079
1676025342,1.009,0.112
1676025342,1.004,0.083
1676025342,1.008,0.102
1676025342,1.009,0.102
1676025342,1.007,0.084
1676025342,1.011,0.098
1676025342,1.012,0.106
1676025342,1.011,0.091
1676025342,1.01,0.095
1676025343,1.009,0.081
1676025343,1.006,0.074
1676025343,1.006,0.105
1676025343,1.01,0.113
1676025343,1.01,0.087
1676025343,1.017,0.12
1676025343,1.008,0.09
1676025343,1.008,0.1
1676025343,1.012,0.08
1676025343,1.012,0.106
1676025343,1.011,0.108
1676025343,1.009,0.081
1676025343,1.012,0.116
1676025343,1.015,0.1
1676025343,1.008,0.108
1676025343,1.012,0.103
1676025343,1.008,0.077
1676025343,1.01,0.075
1676025343,1.012,0.107
1676025343,1.011,0.099
1676025344,1.008,0.104
1676025344,1.009,0.08
1676025344,1.01,0.095
1676025344,1.011,0.12
1676025344,1.013,0.095
1676025344,1.006,0.088
1676025344,1.009,0.083
1676025344,1.008,0.099
1676025344,1.01,0.069
1676025344,1.01,0.091
1676025344,1.011,0.082
1676025344,1.01,0.093
1676025344,1.014,0.107
1676025344,1.009,0.116
1676025344,1.009,0.084
1676025344,1.007,0.08
1676025344,1.012,0.096
1676025344,1.006,0.076
1676025344,1.012,0.1
1676025344,1.009,0.081
1676025345,1.012,0.073
1676025345,1.012,0.106
1676025345,1.008,0.078
1676025345,1.01,0.098
1676025345,1.012,0.083
1676025345,1.009,0.091
1676025345,1.01,0.095
1676025345,1.009,0.113
1676025345,1.012,0.092
1676025345,1.009,0.091
1676025345,1.008,0.059
1676025345,1.011,0.09
1676025345,1.014,0.116
1676025345,1.011,0.096
1676025345,1.008,0.094
1676025345,1.008,0.082
1676025345,1.013,0.109
1676025345,1.011,0.112
1676025345,1.008,0.086
1676025345,1.008,0.07
1676025346,1.01,0.077
1676025346,1.005,0.081
1676025346,1.013,0.135
1676025346,1.009,0.075
1676025346,1.007,0.066
1676025346,1.01,0.09
1676025346,1.012,0.116
1676025346,1.01,0.069
1676025346,1.007,0.063
1676025346,1.011,0.092
1676025346,1.011,0.128
1676025346,1.015,0.127
1676025346,1.012,0.121
1676025346,1.009,0.095
1676025346,1.008,0.099
1676025346,1.006,0.089
1676025346,1.01,0.112
1676025346,1.006,0.08
1676025346,1.008,0.083
1676025346,1.01,0.101
1676025347,1.01,0.088
1676025347,1.009,0.099
1676025347,1.009,0.106
1676025347,1.01,0.089
1676025347,1.009,0.099
1676025347,1.01,0.096
1676025347,1.008,0.1
1676025347,1.009,0.111
1676025347,1.009,0.1
1676025347,1.009,0.103
1676025347,1.013,0.099
1676025347,1.011,0.086
1676025347,1.012,0.094
1676025347,1.012,0.102
1676025347,1.014,0.102
1676025347,1.011,0.102
1676025347,1.01,0.09
1676025347,1.009,0.091
1676025347,1.01,0.1
1676025347,1.009,0.094
1676025348,1.007,0.091
1676025348,1.012,0.097
1676025348,1.011,0.087
1676025348,1.008,0.092
1676025348,1.005,0.097
1676025348,1.011,0.101
1676025348,1.011,0.099
1676025348,1.009,0.099
1676025348,1.013,0.099
1676025348,1.008,0.099
1676025348,1.012,0.091
1676025348,1.011,0.095
1676025348,1.009,0.096
1676025348,1.009,0.09
1676025348,1.009,0.097
1676025348,1.009,0.093
1676025348,1.009,0.096
1676025348,1.011,0.092
1676025348,1.01,0.097
1676025348,1.009,0.092
1676025349,1.008,0.094
1676025349,1.007,0.096
1676025349,1.005,0.096
1676025349,1.011,0.095
1676025349,1.007,0.098
1676025349,1.008,0.091
1676025349,1.011,0.096
1676025349,1.009,0.096
1676025349,1.006,0.096
1676025349,1.01,0.096
1676025349,1.01,0.098
1676025349,1.008,0.096
1676025349,1.008,0.094
1676025349,1.007,0.099
1676025349,1.012,0.096
1676025349,1.009,0.092
1676025349,1.009,0.095
1676025349,1.007,0.098
1676025349,1.006,0.096
1676025349,1.01,0.095
1676025350,1.011,0.097
1676025350,1.01,0.101
1676025350,1.012,0.101
1676025350,1.015,0.095
1676025350,1.01,0.099
1676025350,1.011,0.096
1676025350,1.011,0.097
1676025350,1.009,0.093
1676025350,1.008,0.101
1676025350,1.008,0.096
1676025350,1.009,0.096
1676025350,1.01,0.094
1676025350,1.009,0.099
1676025350,1.01,0.095
1676025350,1.008,0.096
1676025350,1.01,0.095
1676025350,1.007,0.099
1676025350,1.009,0.095
1676025350,1.007,0.097
1676025350,1.009,0.094
1676025351,1.009,0.098
1676025351,1.008,0.096
1676025351,1.007,0.095
1676025351,1.006,0.096
1676025351,1.007,0.093
1676025351,1.012,0.095
1676025351,1.009,0.098
1676025351,1.01,0.094
1676025351,1.01,0.095
1676025351,1.011,0.095
1676025351,1.009,0.095
1676025351,1.01,0.096
1676025351,1.012,0.099
1676025351,1.01,0.097
1676025351,1.009,0.096
1676025351,1.008,0.098
1676025351,1.008,0.093
1676025351,1.013,0.092
1676025351,1.009,0.095
1676025351,1.008,0.096
1676025352,1.011,0.097
1676025352,1.008,0.095
1676025352,1.009,0.098
1676025352,1.009,0.097
1676025352,1.007,0.096
1676025352,1.006,0.094
1676025352,1.009,0.098
1676025352,1.01,0.095
1676025352,1.014,0.094
1676025352,1.011,0.094
1676025352,1.008,0.096
1676025352,1.009,0.093
1676025352,1.01,0.094
1676025352,1.011,0.094
1676025352,1.009,0.095
1676025352,1.008,0.099
1676025352,1.008,0.101
1676025352,1.008,0.093
1676025352,1.008,0.097
1676025352,1.007,0.095
1676025353,1.012,0.095
1676025353,1.007,0.094
1676025353,1.005,0.096
1676025353,1.007,0.092
1676025353,1.009,0.099
1676025353,1.011,0.094
1676025353,1.011,0.095
1676025353,1.011,0.097
1676025353,1.012,0.098
1676025353,1.008,0.098
1676025353,1.007,0.098
1676025353,1.006,0.095
1676025353,1.009,0.1
1676025353,1.01,0.094
1676025353,1.01,0.096
1676025353,1.013,0.095
1676025353,1.008,0.098
1676025353,1.01,0.094
1676025353,1.01,0.098
1676025353,1.011,0.094
1676025354,1.006,0.099
1676025354,1.01,0.1
1676025354,1.008,0.095
1676025354,1.009,0.097
1676025354,1.01,0.097
1676025354,1.018,0.099
1676025354,1.012,0.098
1676025354,1.009,0.094
1676025354,1.008,0.097
1676025354,1.005,0.096
1676025354,1.009,0.094
1676025354,1.01,0.094
1676025354,1.011,0.1
1676025354,1.009,0.096
1676025354,1.009,0.099
1676025354,1.009,0.093
1676025354,1.011,0.097
1676025354,1.011,0.096
1676025354,1.013,0.095
1676025354,1.011,0.096
1676025355,1.007,0.092
1676025355,1.009,0.093
1676025355,1.012,0.097
1676025355,1.012,0.096
1676025355,1.01,0.095
1676025355,1.009,0.095
1676025355,1.01,0.095
1676025355,1.008,0.096
1676025355,1.008,0.098
1676025355,1.008,0.098
1676025355,1.01,0.094
1676025355,1.008,0.097
1676025355,1.012,0.1
1676025355,1.008,0.098
1676025355,1.006,0.096
1676025355,1.007,0.093
1676025355,1.012,0.101
1676025355,1.01,0.096
1676025355,1.008,0.096
1676025355,1.01,0.094
1676025356,1.01,0.097
1676025356,1.009,0.097
1676025356,1.009,0.098
1676025356,1.012,0.094
1676025356,1.011,0.097
1676025356,1.007,0.093
1676025356,1.01,0.096
1676025356,1.009,0.094
1676025356,1.008,0.093
1676025356,1.006,0.096
1676025356,1.009,0.095
1676025356,1.008,0.095
1676025356,1.01,0.096
1676025356,1.009,0.094
1676025356,1.01,0.096
1676025356,1.011,0.094
1676025356,1.011,0.095
1676025356,1.011,0.097
1676025356,1.009,0.097
1676025356,1.012,0.092
1676025357,1.012,0.097
1676025357,1.009,0.092
1676025357,1.01,0.097
1676025357,1.011,0.096
1676025357,1.009,0.096
1676025357,1.009,0.095
1676025357,1.009,0.094
1676025357,1.011,0.096
1676025357,1.01,0.095
1676025357,1.012,0.095
1676025357,1.01,0.096
1676025357,1.013,0.093
1676025357,1.009,0.096
1676025357,1.006,0.094
1676025357,1.011,0.098
1676025357,1.008,0.094
1676025357,1.011,0.096
1676025357,1.008,0.094
1676025357,1.01,0.1
1676025357,1.007,0.095
1676025358,1.009,0.097
1676025358,1.011,0.095
1676025358,1.003,0.095
1676025358,1.012,0.094
1676025358,1.01,0.095
1676025358,1.008,0.096
1676025358,1.009,0.098
1676025358,1.01,0.096
1676025358,1.009,0.096
1676025358,1.009,0.093
1676025358,1.009,0.096
1676025358,1.007,0.106
1676025358,1.011,0.097
1676025358,1.012,0.091
1676025358,1.012,0.098
1676025358,1.011,0.093
1676025358,1.01,0.095
1676025358,1.009,0.097
1676025358,1.011,0.092
1676025358,1.009,0.09
1676025359,1.008,0.083
1676025359,1.009,0.102
1676025359,1.012,0.091
1676025359,1.008,0.106
1676025359,1.01,0.098
1676025359,1.012,0.103
1676025359,1.006,0.096
1676025359,1.009,0.084
1676025359,1.011,0.099
1676025359,1.01,0.1
1676025359,1.009,0.098
1676025359,1.009,0.085
1676025359,1.007,0.085
1676025359,1.009,0.1
1676025359,1.011,0.099
1676025359,1.009,0.104
1676025359,1.007,0.092
1676025359,1.006,0.093
1676025359,1.011,0.092
1676025359,1.01,0.089
1676025360,1.006,0.102
1676025360,1.011,0.106
1676025360,1.009,0.101
1676025360,0.988,0.081
1676025360,1.011,0.107
1676025360,1.007,0.097
1676025360,1.007,0.078
1676025360,1.01,0.091
1676025360,1.012,0.095
1676025360,1.011,0.093
1676025360,1.012,0.11
1676025360,1.01,0.075
1676025360,1.011,0.097
1676025360,1.009,0.094
1676025360,1.012,0.081
1676025360,1.01,0.114
1676025360,1.013,0.118
1676025360,1.009,0.083
1676025360,1.01,0.087
1676025360,1.009,0.104
1676025361,1.01,0.095
1676025361,1.012,0.104
1676025361,1.007,0.101
1676025361,1.004,0.084
1676025361,1.009,0.081
1676025361,1.01,0.103
1676025361,1.007,0.11
1676025361,1.01,0.07
1676025361,1.006,0.094
1676025361,1.01,0.121
1676025361,1.008,0.101
1676025361,1.006,0.081
1676025361,1.006,0.103
1676025361,1.005,0.076
1676025361,1.008,0.104
1676025361,1.01,0.103
1676025361,1.012,0.113
1676025361,1.012,0.108
1676025361,1.008,0.1
1676025361,1.008,0.078
1676025362,1.01,0.08
1676025362,1.011,0.087
1676025362,1.013,0.12
1676025362,1.011,0.127
1676025362,1.009,0.079
1676025362,1.01,0.075
1676025362,1.008,0.092
1676025362,1.009,0.075
1676025362,1.01,0.106
1676025362,1.008,0.084
1676025362,1.007,0.082
1676025362,1.007,0.093
1676025362,1.014,0.111
1676025362,1.007,0.085
1676025362,1.01,0.103
1676025362,1.008,0.094
1676025362,1.01,0.127
1676025362,1.007,0.109
1676025362,1.01,0.097
1676025362,1.007,0.069
1676025363,1.01,0.09
1676025363,1.007,0.069
1676025363,1.009,0.063
1676025363,1.012,0.107
1676025363,1.008,0.028
1676025363,1.009,0.083
1676025363,1.01,0.13
1676025363,1.009,0.099
1676025363,1.009,0.076
1676025363,1.009,0.09
1676025363,1.007,0.096
1676025363,1.012,0.075
1676025363,1.009,0.065
1676025363,1.008,0.091
1676025363,1.009,0.078
1676025363,1.008,0.083
1676025363,1.01,0.117
1676025363,1.011,0.107
1676025363,1.011,0.098
1676025363,1.009,0.094
1676025364,1.014,0.126
1676025364,1.01,0.108
1676025364,1.008,0.1
1676025364,1.009,0.089
1676025364,1.012,0.098
1676025364,1.011,0.095
1676025364,1.007,0.098
1676025364,1.01,0.103
1676025364,1.008,0.092
1676025364,1.012,0.091
1676025364,1.01,0.098
1676025364,1.008,0.084
1676025364,1.009,0.105
1676025364,1.009,0.098
1676025364,1.012,0.096
1676025364,1.008,0.076
1676025364,1.009,0.084
1676025364,1.01,0.078
1676025364,1.01,0.086
1676025364,1.009,0.092
1676025365,1.008,0.097
1676025365,1.011,0.109
1676025365,1.014,0.093
1676025365,1.012,0.104
1676025365,1.009,0.099
1676025365,1.007,0.1
1676025365,1.009,0.098
1676025365,1.008,0.087
1676025365,1.009,0.103
1676025365,1.009,0.092
1676025365,1.011,0.1
1676025365,1.008,0.098
1676025365,1.005,0.091
1676025365,1.011,0.095
1676025365,1.011,0.099
1676025365,1.01,0.09
1676025365,1.012,0.092
1676025365,1.011,0.101
1676025365,1.009,0.096
1676025365,1.007,0.095
1676025366,1.012,0.091
1676025366,1.007,0.093
1676025366,1.009,0.095
1676025366,1.009,0.091
1676025366,1.007,0.094
1676025366,1.011,0.091
1676025366,1.011,0.094
1676025366,1.013,0.095
1676025366,1.013,0.099
1676025366,1.011,0.095
1676025366,1.009,0.095
1676025366,1.007,0.096
1676025366,1.01,0.096
1676025366,1.011,0.095
1676025366,1.012,0.099
1676025366,1.011,0.094
1676025366,1.011,0.097
1676025366,1.009,0.095
1676025366,1.009,0.095
1676025366,1.011,0.095
1676025367,1.009,0.094
1676025367,1.009,0.099
1676025367,1.011,0.095
1676025367,1.009,0.094
1676025367,1.009,0.093
1676025367,1.01,0.093
1676025367,1.01,0.095
1676025367,1.005,0.093
1676025367,1.009,0.099
1676025367,1.009,0.091
1676025367,1.011,0.096
1676025367,1.008,0.091
1676025367,1.009,0.097
1676025367,1.011,0.091
1676025367,1.008,0.095
1676025367,1.012,0.092
1676025367,1.012,0.093
1676025367,1.009,0.094
1676025367,1.008,0.095
1676025367,1.007,0.092
1676025368,1.009,0.095
1676025368,1.01,0.095
1676025368,1.008,0.092
1676025368,1.008,0.096
1676025368,1.008,0.096
1676025368,1.01,0.095
1676025368,1.01,0.094
1676025368,1.006,0.096
1676025368,1.012,0.095
1676025368,1.01,0.097
1676025368,1.013,0.096
1676025368,1.009,0.096
1676025368,1.009,0.092
1676025368,1.005,0.094
1676025368,1.009,0.093
1676025368,1.009,0.092
1676025368,1.01,0.094
1676025368,1.009,0.093
1676025368,1.01,0.091
1676025368,1.009,0.092
1676025369,1.013,0.091
1676025369,1.008,0.092
1676025369,1.01,0.101
1676025369,1.007,0.094
1676025369,1.011,0.095
1676025369,1.01,0.095
1676025369,1.01,0.096
1676025369,1.011,0.092
1676025369,1.008,0.094
1676025369,1.009,0.095
1676025369,1.008,0.095
1676025369,1.011,0.096
1676025369,1.011,0.093
1676025369,1.008,0.096
1676025369,1.007,0.095
1676025369,1.01,0.093
1676025369,1.009,0.095
1676025369,1.007,0.093
1676025369,1.012,0.095
1676025369,1.008,0.096
1676025370,1.007,0.093
1676025370,1.008,0.091
1676025370,1.008,0.096
1676025370,1.011,0.095
1676025370,1.008,0.093
1676025370,1.009,0.093
1676025370,1.008,0.093
1676025370,1.009,0.091
1676025370,1.008,0.094
1676025370,1.01,0.091
1676025370,1.008,0.092
1676025370,1.009,0.094
1676025370,1.007,0.092
1676025370,1.011,0.091
1676025370,1.006,0.074
1676025370,1.006,0.096
1676025370,1.011,0.103
1676025370,1.007,0.084
1676025370,1.008,0.09
1676025370,1.009,0.096
1676025371,1.01,0.092
1676025371,1.007,0.093
1676025371,1.011,0.124
1676025371,1.001,0.089
1676025371,1.006,0.101
1676025371,1.009,0.089
1676025371,1.009,0.094
1676025371,1.008,0.083
1676025371,1.01,0.093
1676025371,1.008,0.103
1676025371,1.01,0.094
1676025371,1.009,0.097
1676025371,1.013,0.096
1676025371,1.009,0.098
1676025371,1.006,0.088
1676025371,1.008,0.097
1676025371,1.009,0.091
1676025371,1.957,0.095
1676025371,2.445,0.093
1676025371,2.442,0.093
1676025372,2.441,0.097
1676025372,2.443,0.095
1676025372,2.445,0.092
1676025372,2.44,0.094
1676025372,2.447,0.096
1676025372,2.441,0.096
1676025372,2.445,0.097
1676025372,2.443,0.095
1676025372,2.446,0.095
1676025372,2.443,0.096
1676025372,2.446,0.093
1676025372,1.051,0.092
1676025372,1.007,0.096
1676025372,1.009,0.097
1676025372,1.007,0.097
1676025372,1.005,0.095
1676025372,1.006,0.095
1676025372,1.005,4.425
1676025372,1.01,8.173
1676025372,1.008,8.163
1676025373,1.009,8.169
1676025373,1.008,8.171
1676025373,1.01,8.173
1676025373,1.009,8.176
1676025373,1.002,8.174
1676025373,1.009,8.171
1676025373,1.005,8.176
1676025373,1.009,8.179
1676025373,1.007,8.133
1676025373,1.009,4.45
1676025373,1.008,0.094
1676025373,1.008,0.095
1676025373,1.012,0.094
1676025373,1.008,0.093
1676025373,1.007,0.096
1676025373,1.01,0.096
1676025373,1.005,0.096
1676025373,1.009,0.096
1676025373,1.008,0.096
1676025373,1.01,0.096
1676025374,1.009,0.095
1676025374,1.006,0.093
1676025374,1.012,0.096
1676025374,1.007,0.092
1676025374,1.004,0.095
1676025374,1.01,0.094
1676025374,1.008,0.094
1676025374,1.008,0.096
1676025374,1.009,0.098
1676025374,1.01,0.094
1676025374,1.004,0.099
1676025374,1.01,0.095
1676025374,1.01,0.094
1676025374,1.01,0.097
1676025374,1.008,0.097
1676025374,1.007,0.096
1676025374,1.009,0.095
1676025374,1.007,0.095
1676025374,1.007,0.095
1676025374,1.007,0.094
1676025375,1.01,0.095
1676025375,1.013,0.096
1676025375,1.007,0.095
1676025375,1.007,0.094
1676025375,1.008,0.097
1676025375,1.007,0.094
1676025375,1.011,0.095
1676025375,1.01,0.096
1676025375,1.012,0.096
1676025375,1.01,0.097
1676025375,1.009,0.097
1676025375,1.007,0.096
1676025375,1.009,0.097
1676025375,1.008,0.096
1676025375,1.011,0.096
1676025375,1.006,0.095
1676025375,1.01,0.097
1676025375,1.009,0.096
1676025375,1.005,0.089
1676025375,1.005,0.091
1676025376,1.012,0.1
1676025376,1.011,0.092
1676025376,1.012,0.107
1676025376,1.01,0.091
1676025376,1.013,0.107
1676025376,1.01,0.099
1676025376,1.008,0.095
1676025376,1.009,0.101
1676025376,1.008,0.099
1676025376,1.009,0.101
1676025376,1.009,0.099
1676025376,1.007,0.079
1676025376,1.006,0.09
1676025376,1.011,0.107
1676025376,1.006,0.092
1676025376,1.011,0.104
1676025376,1.01,0.102
1676025376,1.011,0.093
1676025376,1.01,0.097
1676025376,1.012,0.092
1676025377,1.007,0.085
1676025377,1.012,0.111
1676025377,1.009,0.091
1676025377,1.013,0.103
1676025377,1.01,0.101
1676025377,1.012,0.109
1676025377,1.009,0.101
1676025377,1.01,0.097
1676025377,1.007,0.103
1676025377,1.012,0.09
1676025377,1.008,0.094
1676025377,1.007,0.105
1676025377,1.009,0.089
1676025377,1.011,0.101
1676025377,1.01,0.109
1676025377,1.009,0.086
1676025377,1.009,0.101
1676025377,1.011,0.092
1676025377,1.01,0.107
1676025377,1.006,0.1
1676025378,1.01,0.073
1676025378,1.012,0.095
1676025378,1.009,0.086
1676025378,1.009,0.06
1676025378,1.005,0.091
1676025378,1.009,0.088
1676025378,1.008,0.072
1676025378,1.01,0.099
1676025378,1.011,0.103
1676025378,1.011,0.098
1676025378,1.008,0.101
1676025378,1.009,0.088
1676025378,1.007,0.092
1676025378,1.01,0.103
1676025378,1.011,0.109
1676025378,1.009,0.085
1676025378,1.01,0.09
1676025378,1.008,0.095
1676025378,1.004,0.077
1676025378,1.007,0.08
1676025379,1.412,0.102
1676025379,2.445,0.115
1676025379,2.444,0.111
1676025379,2.441,0.081
1676025379,2.438,0.086
1676025379,2.446,0.102
1676025379,2.442,0.064
1676025379,2.442,0.092
1676025379,2.445,0.086
1676025379,2.444,0.107
1676025379,2.446,0.129
1676025379,2.445,0.09
1676025379,2.439,0.094
1676025379,2.438,0.083
1676025379,2.441,0.093
1676025379,1.009,0.101
1676025379,1.008,0.095
1676025379,1.011,0.103
1676025379,1.009,0.094
1676025379,1.007,0.08
1676025380,1.01,7.381
1676025380,1.009,8.095
1676025380,1.002,8.087
1676025380,1.007,8.084
1676025380,1.009,8.101
1676025380,1.003,8.124
1676025380,1.008,8.145
1676025380,1.006,7.827
1676025380,1.008,8.179
1676025380,1.007,8.186
1676025380,1.009,8.183
1676025380,1.005,8.065
1676025380,1.008,7.875
1676025380,1.007,1.863
1676025380,1.013,0.129
1676025380,1.01,0.128
1676025380,1.007,0.077
1676025380,1.011,0.12
1676025380,1.147,0.103
1676025380,2.442,0.08
1676025381,2.438,0.062
1676025381,2.442,0.061
1676025381,2.441,0.099
1676025381,2.439,0.101
1676025381,2.444,0.103
1676025381,2.443,0.102
1676025381,2.443,0.114
1676025381,2.441,0.097
1676025381,2.441,0.074
1676025381,2.442,0.09
1676025381,2.447,0.131
1676025381,2.011,0.076
1676025381,1.003,0.075
1676025381,1.007,0.1
1676025381,1.008,0.081
1676025381,1.007,0.105
1676025381,1.007,0.084
1676025381,1.008,0.092
1676025381,1.009,0.099
1676025381,1.006,6.499
1676025382,1.006,8.121
1676025382,1.005,8.117
1676025382,1.005,8.126
1676025382,1.004,8.11
1676025382,1.007,8.119
1676025382,1.007,8.107
1676025382,1.007,8.094
1676025382,1.007,8.099
1676025382,1.011,8.117
1676025382,1.009,7.332
1676025382,1.012,0.086
1676025382,1.012,0.115
1676025382,1.006,0.079
1676025382,1.013,0.103
1676025382,1.008,0.105
1676025382,1.01,0.107
1676025382,1.01,0.095
1676025382,1.011,0.109
1676025382,1.01,0.098
1676025382,1.011,0.095
1676025383,1.008,0.09
1676025383,1.01,0.09
1676025383,1.01,0.095
1676025383,1.009,0.088
1676025383,1.011,0.092
1676025383,1.009,0.093
1676025383,1.01,0.096
1676025383,1.008,0.096
1676025383,1.009,0.093
1676025383,1.012,0.093
1676025383,1.008,0.092
1676025383,1.009,0.091
1676025383,1.008,0.098
1676025383,1.011,0.098
1676025383,1.005,0.093
1676025383,1.011,0.093
1676025383,1.009,0.097
1676025383,1.011,0.097
1676025383,1.007,0.094
1676025383,1.012,0.096
1676025384,1.009,0.097
1676025384,1.009,0.096
1676025384,1.01,0.098
1676025384,1.01,0.096
1676025384,1.006,0.093
1676025384,1.007,0.095
1676025384,1.009,0.101
1676025384,1.008,0.097
1676025384,1.011,0.092
1676025384,1.007,0.099
1676025384,1.011,0.091
1676025384,1.008,0.093
1676025384,1.007,0.095
1676025384,1.01,0.09
1676025384,1.009,0.091
1676025384,1.012,0.096
1676025384,1.012,0.093
1676025384,1.008,0.095
1676025384,1.009,0.095
1676025384,1.007,0.093
1676025385,1.012,0.092
1676025385,1.011,0.094
1676025385,1.01,0.094
1676025385,1.01,0.097
1676025385,1.009,0.095
1676025385,1.011,0.095
1676025385,1.011,0.091
1676025385,1.005,0.096
1676025385,1.009,0.095
1676025385,1.008,0.094
1676025385,1.009,0.093
1676025385,1.009,0.095
1676025385,1.01,0.097
1676025385,1.009,0.094
1676025385,1.009,0.091
1676025385,1.01,0.094
1676025385,1.012,0.09
1676025385,1.01,0.094
1676025385,1.011,0.095
1676025385,1.009,0.094
1676025386,1.013,0.094
1676025386,1.009,0.092
1676025386,1.01,0.092
1676025386,1.011,0.097
1676025386,1.01,0.093
1676025386,1.013,0.094
1676025386,1.011,0.093
1676025386,1.009,0.095
1676025386,1.007,0.093
1676025386,1.011,0.096
1676025386,1.007,0.095
1676025386,1.007,0.097
1676025386,1.012,0.094
1676025386,1.006,0.093
1676025386,1.01,0.094
1676025386,1.007,0.095
1676025386,1.007,0.095
1676025386,1.011,0.096
1676025386,1.012,0.095
1676025386,1.008,0.096
1676025387,1.009,0.094
1676025387,1.008,0.096
1676025387,1.012,0.097
1676025387,1.008,0.094
1676025387,1.011,0.093
1676025387,1.007,0.094
1676025387,1.012,0.098
1676025387,1.012,0.096
1676025387,1.013,0.093
1676025387,1.013,0.093
1676025387,1.01,0.092
1676025387,1.012,0.095
1676025387,1.009,0.097
1676025387,1.01,0.095
1676025387,1.009,0.092
1676025387,1.01,0.096
1676025387,1.01,0.093
1676025387,1.007,0.095
1676025387,1.01,0.093
1676025387,1.012,0.093
1676025388,1.007,0.095
1676025388,1.017,0.081
1676025388,1.007,0.097
1676025388,1.009,0.095
1676025388,1.009,0.093
1676025388,1.011,0.093
1676025388,1.012,0.092
1676025388,1.008,0.097
1676025388,1.007,0.095
1676025388,1.008,0.094
1676025388,1.005,0.096
1676025388,1.005,0.092
1676025388,1.009,0.095
1676025388,1.009,0.097
1676025388,1.006,0.095
1676025388,1.011,0.092
1676025388,1.01,0.092
1676025388,1.011,0.092
1676025388,1.01,0.094
1676025388,1.008,0.095
1676025389,1.008,0.095
1676025389,1.012,0.095
1676025389,1.009,0.097
1676025389,1.007,0.096
1676025389,1.008,0.096
1676025389,1.009,0.096
1676025389,1.009,0.095
1676025389,1.006,0.097
1676025389,1.011,0.093
1676025389,1.009,0.093
1676025389,1.009,0.095
1676025389,1.013,0.094
1676025389,1.01,0.096
1676025389,1.008,0.095
1676025389,1.011,0.094
1676025389,1.008,0.099
1676025389,1.012,0.095
1676025389,1.012,0.094
1676025389,1.008,0.094
1676025389,1.011,0.098
1676025390,1.008,0.094
1676025390,1.011,0.091
1676025390,1.004,0.101
1676025390,1.01,0.096
1676025390,1.007,0.092
1676025390,1.01,0.092
1676025390,1.006,0.092
1676025390,1.011,0.098
1676025390,1.01,0.096
1676025390,1.014,0.097
1676025390,1.01,0.09
1676025390,1.009,0.097
1676025390,1.01,0.093
1676025390,1.011,0.095
1676025390,1.015,0.093
1676025390,1.012,0.096
1676025390,1.01,0.093
1676025390,1.009,0.098
1676025390,1.009,0.094
1676025390,1.01,0.095
1676025391,1.011,0.095
1676025391,1.011,0.098
1676025391,1.01,0.093
1676025391,1.008,0.094
1676025391,1.005,0.092
1676025391,1.007,0.093
1676025391,1.005,0.093
1676025391,1.008,0.093
1676025391,1.008,0.095
1676025391,1.01,0.094
1676025391,1.011,0.092
1676025391,1.008,0.094
1676025391,1.009,0.09
1676025391,1.009,0.097
1676025391,1.011,0.094
1676025391,1.008,0.094
1676025391,1.005,0.093
1676025391,1.007,0.091
1676025391,1.01,0.093
1676025391,1.01,0.094
1676025392,1.005,0.093
1676025392,1.008,0.094
1676025392,1.012,0.092
1676025392,1.022,0.103
1676025392,1.008,0.095
1676025392,1.01,0.095
1676025392,1.008,0.093
1676025392,1.009,0.094
1676025392,1.009,0.092
1676025392,1.009,0.091
1676025392,1.011,0.092
1676025392,1.004,0.095
1676025392,1.008,0.094
1676025392,1.011,0.094
1676025392,1.007,0.095
1676025392,1.01,0.095
1676025392,1.013,0.093
1676025392,1.009,0.097
1676025392,1.01,0.092
1676025392,1.01,0.096
1676025393,1.01,0.095
1676025393,1.01,0.098
1676025393,1.008,0.093
1676025393,1.008,0.096
1676025393,1.006,0.096
1676025393,1.004,0.095
1676025393,1.01,0.093
1676025393,1.009,0.092
1676025393,1.012,0.096
1676025393,1.01,0.1
1676025393,1.01,0.092
1676025393,1.009,0.095
1676025393,1.01,0.093
1676025393,1.01,0.094
1676025393,1.01,0.093
1676025393,1.008,0.082
1676025393,1.009,0.096
1676025393,1.006,0.078
1676025393,1.01,0.08
1676025393,1.008,0.076
1676025394,1.007,0.097
1676025394,1.006,0.092
1676025394,1.009,0.095
1676025394,1.008,0.084
1676025394,1.008,0.09
1676025394,1.01,0.098
1676025394,1.011,0.097
1676025394,1.007,0.083
1676025394,1.007,0.095
1676025394,1.011,0.1
1676025394,1.011,0.104
1676025394,1.009,0.104
1676025394,1.007,0.094
1676025394,1.01,0.09
1676025394,1.009,0.087
1676025394,1.009,0.096
1676025394,1.009,0.091
1676025394,1.014,0.128
1676025394,1.005,0.073
1676025394,1.008,0.072
1676025395,1.008,0.101
1676025395,1.008,0.088
1676025395,1.008,0.087
1676025395,1.007,0.111
1676025395,1.012,0.082
1676025395,1.012,0.115
1676025395,1.008,0.096
1676025395,1.009,0.09
1676025395,1.007,0.063
1676025395,1.012,0.099
1676025395,1.008,0.067
1676025395,1.008,0.096
1676025395,1.01,0.094
1676025395,1.008,0.064
1676025395,1.01,0.088
1676025395,1.012,0.089
1676025395,1.007,0.094
1676025395,1.008,0.089
1676025395,1.012,0.105
1676025395,1.007,0.09
1676025396,1.008,0.083
1676025396,1.014,0.124
1676025396,1.008,0.096
1676025396,1.011,0.095
1676025396,1.008,0.106
1676025396,1.007,0.092
1676025396,1.005,0.068
1676025396,1.007,0.092
1676025396,1.008,0.116
1676025396,1.009,0.088
1676025396,1.011,0.107
1676025396,1.007,0.084
1676025396,1.007,0.082
1676025396,1.008,0.08
1676025396,1.011,0.102
1676025396,1.006,0.082
1676025396,1.012,0.086
1676025396,1.01,0.084
1676025396,1.007,0.081
1676025396,1.011,0.12
1676025397,1.007,0.094
1676025397,1.009,0.104
1676025397,1.007,0.101
1676025397,1.009,0.106
1676025397,1.009,0.101
1676025397,1.004,0.082
1676025397,1.008,0.084
1676025397,1.008,0.08
1676025397,1.008,0.072
1676025397,1.008,0.099
1676025397,1.01,0.093
1676025397,1.004,0.075
1676025397,1.009,0.086
1676025397,1.008,0.089
1676025397,1.005,0.072
1676025397,1.01,0.099
1676025397,1.008,0.104
1676025397,1.009,0.093
1676025397,1.008,0.102
1676025397,1.008,0.082
1676025398,1.011,0.098
1676025398,1.006,0.112
1676025398,1.008,0.087
1676025398,1.007,0.09
1676025398,1.01,0.092
1676025398,1.011,0.108
1676025398,1.007,0.098
1676025398,1.009,0.117
1676025398,1.006,0.066
1676025398,1.012,0.106
1676025398,1.007,0.102
1676025398,1.009,0.074
1676025398,1.006,0.116
1676025398,1.01,0.11
1676025398,1.013,0.102
1676025398,1.011,0.155
1676025398,1.009,0.104
1676025398,1.003,0.049
1676025398,1.008,0.081
1676025398,1.007,0.08
1676025399,1.011,0.086
1676025399,1.009,0.11
1676025399,1.011,0.1
1676025399,1.009,0.113
1676025399,1.006,0.083
1676025399,1.01,0.11
1676025399,1.01,0.107
1676025399,1.008,0.104
1676025399,1.011,0.087
1676025399,1.012,0.094
1676025399,1.01,0.097
1676025399,1.011,0.097
1676025399,1.008,0.09
1676025399,1.01,0.085
1676025399,1.009,0.096
1676025399,1.008,0.103
1676025399,1.009,0.083
1676025399,1.009,0.086
1676025399,1.008,0.107
1676025399,1.009,0.095
1676025400,1.006,0.086
1676025400,1.01,0.106
1676025400,1.008,0.086
1676025400,1.009,0.097
1676025400,1.008,0.087
1676025400,1.01,0.077
1676025400,1.011,0.101
1676025400,1.009,0.089
1676025400,1.008,0.094
1676025400,1.006,0.091
1676025400,1.012,0.102
1676025400,1.006,0.086
1676025400,1.011,0.104
1676025400,1.007,0.1
1676025400,1.012,0.101
1676025400,1.01,0.104
1676025400,1.009,0.095
1676025400,1.01,0.097
1676025400,1.009,0.096
1676025400,1.009,0.093
1676025401,1.007,0.092
1676025401,1.009,0.092
1676025401,1.01,0.084
1676025401,1.009,0.095
1676025401,1.007,0.093
1676025401,1.006,0.092
1676025401,1.011,0.093
1676025401,1.008,0.09
1676025401,1.008,0.091
1676025401,1.008,0.094
1676025401,1.009,0.092
1676025401,1.01,0.095
1676025401,1.008,0.09
1676025401,1.002,0.094
1676025401,1.005,0.097
1676025401,1.009,0.095
1676025401,1.01,0.092
1676025401,1.008,0.095
1676025401,1.008,0.092
1676025401,1.007,0.096
1676025402,1.007,0.094
1676025402,1.006,0.096
1676025402,1.01,0.097
1676025402,1.01,0.093
1676025402,1.005,0.095
1676025402,1.01,0.096
1676025402,1.011,0.095
1676025402,1.01,0.096
1676025402,1.008,0.092
1676025402,1.012,0.095
1676025402,1.007,0.093
1676025402,1.008,0.095
1676025402,1.006,0.094
1676025402,1.01,0.095
1676025402,1.008,0.091
1676025402,1.009,0.091
1676025402,1.01,0.09
1676025402,1.008,0.094
1676025402,1.009,0.091
1676025402,1.007,0.091
1676025403,1.01,0.091
1676025403,1.008,0.095
1676025403,1.01,0.094
1676025403,1.007,0.094
1676025403,1.008,0.095
1676025403,1.011,0.097
1676025403,1.008,0.092
1676025403,1.008,0.097
1676025403,1.008,0.091
1676025403,1.007,0.096
1676025403,1.008,0.094
1676025403,1.01,0.097
1676025403,1.011,0.094
1676025403,1.008,0.09
1676025403,1.008,0.095
1676025403,1.011,0.092
1676025403,1.008,0.093
1676025403,1.007,0.093
1676025403,1.009,0.092
1676025403,1.008,0.092
1676025404,1.005,0.093
1676025404,1.009,0.094
1676025404,1.007,0.093
1676025404,1.011,0.092
1676025404,1.007,0.094
1676025404,1.006,0.094
1676025404,1.012,0.092
1676025404,1.007,0.095
1676025404,1.009,0.091
1676025404,1.01,0.096
1676025404,1.005,0.093
1676025404,1.004,0.093
1676025404,1.011,0.091
1676025404,1.009,0.091
1676025404,1.008,0.093
1676025404,1.009,0.092
1676025404,1.009,0.095
1676025404,1.007,0.097
1676025404,1.007,0.09
1676025404,1.006,0.096
1676025405,1.007,0.096
1676025405,1.007,0.096
1676025405,1.009,0.093
1676025405,1.01,0.096
1676025405,1.002,0.095
1676025405,1.011,0.094
1676025405,1.008,0.094
1676025405,1.008,0.095
1676025405,1.006,0.093
1676025405,1.007,0.093
1676025405,1.007,0.093
1676025405,1.008,0.101
1676025405,1.004,0.094
1676025405,1.007,0.085
1676025405,1.005,0.087
1676025405,1.008,0.102
1676025405,1.009,0.091
1676025405,1.007,0.093
1676025405,1.007,0.083
1676025405,1.009,0.09
1676025406,1.007,0.094
1676025406,1.008,0.094
1676025406,1.008,0.099
1676025406,1.005,0.089
1676025406,1.009,0.096
1676025406,1.004,0.092
1676025406,1.006,0.097
1676025406,1.009,0.096
1676025406,1.006,0.097
1676025406,1.007,0.096
1676025406,1.008,0.103
1676025406,1.008,0.092
1676025406,1.008,0.095
1676025406,1.008,0.097
1676025406,1.007,0.094
1676025406,1.008,0.096
1676025406,1.009,0.097
1676025406,1.006,0.094
1676025406,1.01,0.099
1676025406,1.01,0.096
1676025407,1.007,0.096
1676025407,1.008,0.096
1676025407,1.009,0.095
1676025407,1.005,0.093
1676025407,1.004,0.093
1676025407,1.009,0.099
1676025407,1.011,0.096
1676025407,1.01,0.094
1676025407,1.01,0.098
1676025407,1.007,0.094
1676025407,1.006,0.094
1676025407,1.004,0.099
1676025407,1.009,0.094
1676025407,1.008,0.095
1676025407,1.008,0.095
1676025407,1.009,0.093
1676025407,1.01,0.095
1676025407,1.007,0.093
1676025407,1.01,0.095
1676025407,1.012,0.097
1676025408,1.008,0.096
1676025408,1.008,0.097
1676025408,1.008,0.097
1676025408,1.012,0.096
1676025408,1.009,0.096
1676025408,1.009,0.098
1676025408,1.009,0.096
1676025408,1.009,0.097
1676025408,1.007,0.095
1676025408,1.008,0.093
1676025408,1.009,0.095
1676025408,1.009,0.096
1676025408,1.009,0.095
1676025408,1.007,0.095
1676025408,1.006,0.095
1676025408,1.011,0.098
1676025408,1.01,0.097
1676025408,1.01,0.096
1676025408,1.008,0.096
1676025408,1.009,0.093
1676025409,1.01,0.097
1676025409,1.008,0.092
1676025409,1.009,0.092
1676025409,1.008,0.096
1676025409,1.011,0.095
1676025409,1.007,0.093
1676025409,1.005,0.094
1676025409,1.011,0.092
1676025409,1.007,0.096
1676025409,1.012,0.093
1676025409,1.007,0.096
1676025409,1.007,0.099
1676025409,1.007,0.093
1676025409,1.008,0.095
1676025409,1.007,0.096
1676025409,1.007,0.095
1676025409,1.009,0.097
1676025409,1.008,0.097
1676025409,1.008,0.093
1676025409,1.006,0.093
1676025410,1.007,0.095
1676025410,1.011,0.093
1676025410,1.009,0.096
1676025410,1.008,0.096
1676025410,1.007,0.097
1676025410,1.009,0.096
1676025410,1.006,0.096
1676025410,1.011,0.097
1676025410,1.01,0.093
1676025410,1.009,0.089
1676025410,1.011,0.093
1676025410,1.011,0.093
1676025410,1.009,0.094
1676025410,1.01,0.097
1676025410,1.006,0.093
1676025410,1.011,0.093
1676025410,1.006,0.095
1676025410,1.008,0.095
1676025410,1.008,0.091
1676025410,1.008,0.101
1676025411,1.007,0.098
1676025411,1.01,0.086
1676025411,1.008,0.09
1676025411,1.01,0.098
1676025411,1.009,0.096
1676025411,1.012,0.094
1676025411,1.009,0.087
1676025411,1.009,0.082
1676025411,1.009,0.097
1676025411,1.008,0.094
1676025411,1.007,0.091
1676025411,1.007,0.09
1676025411,1.01,0.09
1676025411,1.01,0.09
1676025411,1.006,0.086
1676025411,1.009,0.097
1676025411,1.01,0.094
1676025411,1.01,0.093
1676025411,1.011,0.093
1676025411,1.01,0.093
1676025412,1.01,0.083
1676025412,1.011,0.103
1676025412,1.013,0.1
1676025412,1.01,0.08
1676025412,1.012,0.102
1676025412,1.011,0.096
1676025412,1.012,0.096
1676025412,1.008,0.083
1676025412,1.01,0.091
1676025412,1.011,0.099
1676025412,1.012,0.096
1676025412,1.012,0.069
1676025412,1.007,0.079
1676025412,1.01,0.092
1676025412,1.007,0.071
1676025412,1.005,0.092
1676025412,1.009,0.098
1676025412,1.007,0.092
1676025412,1.008,0.077
1676025412,1.012,0.104
1676025413,1.009,0.105
1676025413,1.007,0.072
1676025413,1.009,0.092
1676025413,1.013,0.093
1676025413,1.01,0.087
1676025413,1.005,0.076
1676025413,1.01,0.103
1676025413,1.008,0.099
1676025413,1.01,0.09
1676025413,1.007,0.083
1676025413,1.008,0.095
1676025413,1.012,0.106
1676025413,1.009,0.092
1676025413,1.012,0.114
1676025413,1.01,0.095
1676025413,1.009,0.103
1676025413,1.007,0.095
1676025413,1.01,0.084
1676025413,1.01,0.066
1676025413,1.009,0.106
1676025414,1.008,0.058
1676025414,1.007,0.093
1676025414,1.01,0.112
1676025414,1.009,0.102
1676025414,1.008,0.083
1676025414,1.009,0.107
1676025414,1.007,0.099
1676025414,1.011,0.102
1676025414,1.01,0.096
1676025414,1.013,0.115
1676025414,1.011,0.106
1676025414,1.012,0.1
1676025414,1.01,0.106
1676025414,1.011,0.096
1676025414,1.01,0.09
1676025414,1.011,0.1
1676025414,1.006,0.068
1676025414,1.012,0.096
1676025414,1.011,0.097
1676025414,1.01,0.081
1676025415,1.012,0.107
1676025415,1.007,0.084
1676025415,1.011,0.076
1676025415,1.01,0.087
1676025415,1.007,0.081
1676025415,1.01,0.111
1676025415,1.011,0.111
1676025415,1.009,0.075
1676025415,1.011,0.082
1676025415,1.005,0.072
1676025415,1.008,0.08
1676025415,1.008,0.103
1676025415,1.011,0.098
1676025415,1.01,0.105
1676025415,1.008,0.093
1676025415,1.01,0.122
1676025415,1.008,0.075
1676025415,1.011,0.101
1676025415,1.011,0.1
1676025415,1.012,0.096
1676025416,1.007,0.06
1676025416,1.012,0.098
1676025416,1.01,0.093
1676025416,1.013,0.122
1676025416,1.014,0.16
1676025416,1.008,0.091
1676025416,1.009,0.091
1676025416,1.012,0.083
1676025416,1.01,0.092
1676025416,1.014,0.109
1676025416,1.006,0.083
1676025416,1.009,0.093
1676025416,1.011,0.095
1676025416,1.004,0.085
1676025416,1.01,0.083
1676025416,1.013,0.097
1676025416,1.012,0.091
1676025416,1.012,0.071
1676025416,1.009,0.091
1676025416,1.005,0.058
1676025417,1.009,0.092
1676025417,1.012,0.093
1676025417,1.008,0.095
1676025417,1.01,0.083
1676025417,1.008,0.081
1676025417,1.011,0.105
1676025417,1.008,0.098
1676025417,1.009,0.092
1676025417,1.011,0.101
1676025417,1.014,0.103
1676025417,1.014,0.107
1676025417,1.012,0.093
1676025417,1.011,0.114
1676025417,1.01,0.091
1676025417,1.006,0.089
1676025417,1.008,0.085
1676025417,1.011,0.088
1676025417,1.01,0.082
1676025417,1.011,0.095
1676025417,1.012,0.093
1676025418,1.009,0.094
1676025418,1.009,0.089
1676025418,1.011,0.093
1676025418,1.009,0.088
1676025418,1.008,0.098
1676025418,1.012,0.09
1676025418,1.01,0.088
1676025418,1.012,0.098
1676025418,1.01,0.099
1676025418,1.007,0.098
1676025418,1.01,0.092
1676025418,1.01,0.095
1676025418,1.01,0.097
1676025418,1.012,0.094
1676025418,1.011,0.095
1676025418,1.01,0.097
1676025418,1.01,0.091
1676025418,1.009,0.094
1676025418,1.011,0.094
1676025418,1.01,0.096
1676025419,1.01,0.094
1676025419,1.013,0.093
1676025419,1.009,0.092
1676025419,1.01,0.095
1676025419,1.009,0.092
1676025419,1.009,0.094
1676025419,1.01,0.09
1676025419,1.011,0.094
1676025419,1.01,0.096
1676025419,1.011,0.095
1676025419,1.009,0.095
1676025419,1.01,0.095
1676025419,1.009,0.095
1676025419,1.014,0.094
1676025419,1.004,0.098
1676025419,1.01,0.093
1676025419,1.011,0.095
1676025419,1.012,0.093
1676025419,1.008,0.092
1676025419,1.008,0.097
1676025420,1.008,0.093
1676025420,1.014,0.096
1676025420,1.009,0.095
1676025420,1.012,0.093
1676025420,1.011,0.094
1676025420,1.009,0.095
1676025420,1.009,0.094
1676025420,1.009,0.092
1676025420,1.008,0.094
1676025420,1.007,0.092
1676025420,1.006,0.094
1676025420,1.008,0.097
1676025420,1.007,0.093
1676025420,1.009,0.091
1676025420,1.01,0.096
1676025420,1.009,0.093
1676025420,1.009,0.095
1676025420,1.009,0.093
1676025420,1.009,0.095
1676025420,1.01,0.097
1676025421,1.011,0.094
1676025421,1.01,0.097
1676025421,1.007,0.094
1676025421,1.01,0.095
1676025421,1.007,0.094
1676025421,1.012,0.092
1676025421,1.011,0.095
1676025421,1.009,0.096
1676025421,1.009,0.092
1676025421,1.01,0.098
1676025421,1.01,0.098
1676025421,1.007,0.092
1676025421,1.009,0.096
1676025421,1.009,0.093
1676025421,1.011,0.093
1676025421,1.01,0.092
1676025421,1.011,0.093
1676025421,1.012,0.092
1676025421,1.009,0.095
1676025421,1.009,0.092
1676025422,1.009,0.095
1676025422,1.009,0.093
1676025422,1.024,0.095
1676025422,1.008,0.096
1676025422,1.012,0.093
1676025422,1.012,0.093
1676025422,1.009,0.09
1676025422,1.01,0.094
1676025422,1.011,0.093
1676025422,1.008,0.091
1676025422,1.006,0.093
1676025422,1.006,0.091
1676025422,1.009,0.095
1676025422,1.009,0.096
1676025422,1.008,0.096
1676025422,1.006,0.095
1676025422,1.008,0.094
1676025422,1.007,0.092
1676025422,1.009,0.093
1676025422,1.008,0.096
1676025423,1.009,0.095
1676025423,1.01,0.092
1676025423,1.009,0.098
1676025423,1.01,0.092
1676025423,1.009,0.093
1676025423,1.007,0.09
1676025423,1.008,0.094
1676025423,1.008,0.092
1676025423,1.011,0.095
1676025423,1.012,0.091
1676025423,1.009,0.098
1676025423,1.01,0.093
1676025423,1.01,0.092
1676025423,1.009,0.093
1676025423,1.012,0.093
1676025423,1.009,0.091
1676025423,1.008,0.094
1676025423,1.009,0.087
1676025423,1.01,0.095
1676025423,1.009,0.092
1676025424,1.013,0.098
1676025424,1.012,0.093
1676025424,1.009,0.094
1676025424,1.01,0.078
1676025424,1.009,0.092
1676025424,1.011,0.091
1676025424,1.01,0.095
1676025424,1.008,0.093
1676025424,1.007,0.095
1676025424,1.011,0.091
1676025424,1.011,0.093
1676025424,1.01,0.09
1676025424,1.01,0.095
1676025424,1.006,0.093
1676025424,1.008,0.093
1676025424,1.005,0.094
1676025424,1.006,0.09
1676025424,1.009,0.093
1676025424,1.011,0.094
1676025424,1.009,0.091
1676025425,1.008,0.095
1676025425,1.012,0.092
1676025425,1.009,0.095
1676025425,1.006,0.095
1676025425,1.007,0.092
1676025425,1.009,0.093
1676025425,1.008,0.095
1676025425,1.01,0.095
1676025425,1.004,0.096
1676025425,1.009,0.094
1676025425,1.008,0.093
1676025425,1.008,0.094
1676025425,1.007,0.093
1676025425,1.009,0.093
1676025425,1.008,0.096
1676025425,1.009,0.091
1676025425,1.011,0.09
1676025425,1.009,0.094
1676025425,1.011,0.093
1676025425,1.008,0.093
1676025426,1.007,0.093
1676025426,1.007,0.094
1676025426,1.008,0.093
1676025426,1.008,0.093
1676025426,1.008,0.095
1676025426,1.009,0.091
1676025426,1.01,0.094
1676025426,1.007,0.092
1676025426,1.014,0.093
1676025426,1.01,0.093
1676025426,1.009,0.093
1676025426,1.008,0.09
1676025426,1.007,0.096
1676025426,1.009,0.094
1676025426,1.007,0.091
1676025426,1.008,0.093
1676025426,1.01,0.097
1676025426,1.007,0.093
1676025426,1.008,0.094
1676025426,1.009,0.092
1676025427,1.009,0.093
1676025427,1.006,0.095
1676025427,1.007,0.096
1676025427,1.009,0.095
1676025427,1.009,0.094
1676025427,1.009,0.092
1676025427,1.009,0.096
1676025427,1.006,0.093
1676025427,1.009,0.095
1676025427,1.01,0.095
1676025427,1.005,0.095
1676025427,1.008,0.093
1676025427,1.007,0.094
1676025427,1.009,0.094
1676025427,1.006,0.094
1676025427,1.007,0.094
1676025427,1.01,0.094
1676025427,1.009,0.094
1676025427,1.008,0.096
1676025427,1.006,0.095
1676025428,1.006,0.094
1676025428,1.01,0.097
1676025428,1.013,0.101
1676025428,1.013,0.094
1676025428,1.009,0.097
1676025428,1.01,0.094
1676025428,1.011,0.093
1676025428,1.008,0.093
1676025428,1.011,0.092
1676025428,1.009,0.09
1676025428,1.01,0.091
1676025428,1.01,0.093
1676025428,1.008,0.092
1676025428,1.01,0.093
1676025428,1.012,0.093
1676025428,1.011,0.092
1676025428,1.01,0.106
1676025428,1.012,0.093
1676025428,1.008,0.087
1676025428,1.008,0.096
1676025429,1.009,0.097
1676025429,1.008,0.1
1676025429,1.008,0.097
1676025429,1.009,0.082
1676025429,1.011,0.088
1676025429,1.012,0.086
1676025429,1.011,0.103
1676025429,1.009,0.095
1676025429,1.012,0.102
1676025429,1.006,0.082
1676025429,1.007,0.099
1676025429,1.011,0.095
1676025429,1.01,0.096
1676025429,1.008,0.09
1676025429,1.009,0.081
1676025429,1.008,0.106
1676025429,1.011,0.091
1676025429,1.013,0.096
1676025429,1.014,0.124
1676025429,1.013,0.116
1676025430,1.011,0.126
1676025430,1.012,0.084
1676025430,1.011,0.1
1676025430,1.007,0.073
1676025430,1.008,0.078
1676025430,1.007,0.079
1676025430,1.011,0.101
1676025430,1.012,0.112
1676025430,1.012,0.104
1676025430,1.014,0.111
1676025430,1.013,0.13
1676025430,1.01,0.105
1676025430,1.011,0.09
1676025430,1.008,0.082
1676025430,1.006,0.098
1676025430,1.011,0.071
1676025430,1.011,0.121
1676025430,1.012,0.097
1676025430,1.011,0.107
1676025430,1.006,0.081
1676025431,1.012,0.101
1676025431,1.01,0.092
1676025431,1.009,0.091
1676025431,1.011,0.101
1676025431,1.012,0.135
1676025431,1.008,0.101
1676025431,1.011,0.099
1676025431,1.01,0.075
1676025431,1.011,0.106
1676025431,1.008,0.067
1676025431,1.009,0.095
1676025431,1.009,0.076
1676025431,1.012,0.107
1676025431,1.01,0.09
1676025431,1.014,0.095
1676025431,1.011,0.109
1676025431,1.007,0.087
1676025431,1.011,0.112
1676025431,1.011,0.102
1676025431,1.009,0.092
1676025432,1.01,0.104
1676025432,1.013,0.12
1676025432,1.008,0.09
1676025432,1.01,0.096
1676025432,1.005,0.084
1676025432,1.011,0.124
1676025432,1.007,0.08
1676025432,1.011,0.109
1676025432,1.008,0.073
1676025432,1.005,0.068
1676025432,1.007,0.066
1676025432,1.012,0.122
1676025432,1.785,0.109
1676025432,2.447,0.107
1676025432,2.441,0.092
1676025432,2.446,0.138
1676025432,2.442,0.083
1676025432,2.443,0.112
1676025432,2.449,0.107
1676025432,2.442,0.091
1676025433,2.449,0.125
1676025433,2.442,0.085
1676025433,2.445,0.112
1676025433,2.443,0.118
1676025433,2.444,0.088
1676025433,2.448,0.11
1676025433,2.413,0.061
1676025433,1.008,0.082
1676025433,1.011,0.128
1676025433,1.01,0.069
1676025433,1.007,0.089
1676025433,1.011,0.107
1676025433,1.009,4.332
1676025433,1.009,7.912
1676025433,1.007,7.9
1676025433,1.008,7.92
1676025433,1.012,7.948
1676025433,1.009,7.924
1676025433,1.009,7.893
1676025433,1.009,7.904
1676025434,1.008,7.877
1676025434,1.007,7.843
1676025434,1.01,7.78
1676025434,1.01,7.77
1676025434,1.006,7.974
1676025434,1.008,4.103
1676025434,1.009,0.095
1676025434,1.005,0.086
1676025434,1.007,0.092
1676025434,1.013,0.103
1676025434,1.01,0.108
1676025434,1.01,0.079
1676025434,1.009,0.092
1676025434,1.006,0.094
1676025434,1.011,0.098
1676025434,1.01,0.098
1676025434,1.007,0.085
1676025434,1.009,0.102
1676025434,1.012,0.093
1676025434,1.008,0.083
1676025435,1.013,0.098
1676025435,1.007,0.089
1676025435,1.013,0.091
1676025435,1.014,0.094
1676025435,1.007,0.099
1676025435,1.009,0.084
1676025435,1.008,0.083
1676025435,1.011,0.097
1676025435,1.009,0.094
1676025435,1.007,0.093
1676025435,1.009,0.088
1676025435,1.009,0.098
1676025435,1.007,0.098
1676025435,1.005,0.095
1676025435,1.011,0.101
1676025435,1.011,0.096
1676025435,1.011,0.097
1676025435,1.007,0.093
1676025435,1.009,0.09
1676025435,1.006,0.096
1676025436,1.013,0.091
1676025436,1.01,0.093
1676025436,1.012,0.094
1676025436,1.012,0.094
1676025436,1.01,0.093
1676025436,1.012,0.093
1676025436,1.008,0.093
1676025436,1.008,0.095
1676025436,1.01,0.091
1676025436,1.008,0.092
1676025436,1.007,0.096
1676025436,1.011,0.092
1676025436,1.009,0.094
1676025436,1.006,0.092
1676025436,1.01,0.093
1676025436,1.009,0.095
1676025436,1.011,0.092
1676025436,1.005,0.095
1676025436,1.01,0.093
1676025436,1.01,0.094
1676025437,1.008,0.092
1676025437,1.007,0.095
1676025437,1.01,0.094
1676025437,1.01,0.093
1676025437,1.006,0.097
1676025437,1.009,0.097
1676025437,1.01,0.091
1676025437,1.008,0.092
1676025437,1.007,0.091
1676025437,1.008,0.092
1676025437,1.011,0.095
1676025437,1.008,0.096
1676025437,1.007,0.092
1676025437,1.012,0.093
1676025437,1.007,0.094
1676025437,1.01,0.093
1676025437,1.009,0.093
1676025437,1.008,0.093
1676025437,1.008,0.093
1676025437,1.01,0.093
1676025438,1.01,0.091
1676025438,1.011,0.092
1676025438,1.009,0.091
1676025438,1.009,0.095
1676025438,1.008,0.097
1676025438,1.008,0.091
1676025438,1.007,0.094
1676025438,1.009,0.095
1676025438,1.01,0.092
1676025438,1.011,0.09
1676025438,1.007,0.092
1676025438,1.01,0.092
1676025438,1.007,0.092
1676025438,1.009,0.095
1676025438,1.009,0.093
1676025438,1.009,0.093
1676025438,1.008,0.091
1676025438,1.009,0.094
1676025438,1.007,0.094
1676025438,1.011,0.091
1676025439,1.007,0.094
1676025439,1.006,0.095
1676025439,1.007,0.095
1676025439,1.006,0.093
1676025439,1.008,0.092
1676025439,1.006,0.091
1676025439,1.008,0.094
1676025439,1.936,0.097
1676025439,2.443,0.092
1676025439,2.441,0.093
1676025439,2.446,0.091
1676025439,2.442,0.093
1676025439,2.44,0.093
1676025439,2.442,0.093
1676025439,2.445,0.093
1676025439,2.447,0.095
1676025439,2.444,0.094
1676025439,2.442,0.093
1676025439,2.443,0.095
1676025439,2.443,0.095
1676025440,2.443,0.095
1676025440,2.443,0.097
1676025440,1.151,0.094
1676025440,1.008,0.096
1676025440,1.009,0.094
1676025440,1.009,0.094
1676025440,1.009,0.095
1676025440,1.006,0.24
1676025440,1.009,0.111
1676025440,1.008,0.096
1676025440,1.007,0.094
1676025440,1.009,0.1
1676025440,1.008,0.094
1676025440,1.008,0.084
1676025440,1.009,0.096
1676025440,1.006,0.1
1676025440,1.004,0.08
1676025440,1.007,0.094
1676025440,1.01,0.11
1676025440,1.01,0.097
1676025441,1.011,0.093
1676025441,1.011,0.094
1676025441,1.009,0.102
1676025441,1.008,0.097
1676025441,1.007,0.093
1676025441,1.008,0.091
1676025441,1.008,0.096
1676025441,1.008,0.095
1676025441,1.009,0.094
1676025441,1.008,0.092
1676025441,1.006,0.097
1676025441,2.446,0.094
1676025441,2.445,0.095
1676025441,2.444,0.095
1676025441,2.444,0.098
1676025441,2.446,0.097
1676025441,2.443,0.094
1676025441,2.443,0.094
1676025441,2.443,0.093
1676025441,2.441,0.095
1676025442,2.442,0.096
1676025442,2.443,0.097
1676025442,2.445,0.093
1676025442,2.441,0.095
1676025442,1.641,0.093
1676025442,1.009,0.097
1676025442,1.007,0.098
1676025442,1.011,0.096
1676025442,1.009,0.095
1676025442,1.006,0.097
1676025442,1.01,0.097
1676025442,1.011,5.766
1676025442,1.01,8.184
1676025442,1.009,8.183
1676025442,1.007,8.186
1676025442,1.007,8.185
1676025442,1.01,8.182
1676025442,1.009,8.185
1676025442,1.008,8.182
1676025442,1.006,8.183
1676025443,1.007,8.184
1676025443,1.006,8.183
1676025443,1.008,5.055
1676025443,1.008,0.096
1676025443,1.008,0.094
1676025443,1.008,0.099
1676025443,1.008,0.093
1676025443,1.009,0.095
1676025443,1.008,0.095
1676025443,1.005,0.096
1676025443,1.011,0.095
1676025443,1.009,0.096
1676025443,1.008,0.097
1676025443,1.009,0.095
1676025443,1.011,0.098
1676025443,1.005,0.096
1676025443,1.008,0.098
1676025443,1.007,0.098
1676025443,1.011,0.096
1676025443,1.008,0.094
1676025444,1.008,0.094
1676025444,1.012,0.096
1676025444,1.009,0.097
1676025444,1.009,0.096
1676025444,1.009,0.097
1676025444,1.009,0.097
1676025444,1.006,0.093
1676025444,1.006,0.092
1676025444,1.012,0.091
1676025444,1.008,0.095
1676025444,1.011,0.097
1676025444,1.009,0.098
1676025444,1.009,0.094
1676025444,1.004,0.094
1676025444,1.009,0.094
1676025444,1.008,0.095
1676025444,1.01,0.092
1676025444,1.007,0.093
1676025444,1.008,0.095
1676025444,1.01,0.096
1676025445,1.008,0.099
1676025445,1.009,0.096
1676025445,1.011,0.096
1676025445,1.008,0.097
1676025445,1.009,0.094
1676025445,1.007,0.097
1676025445,1.01,0.092
1676025445,1.005,0.092
1676025445,1.009,0.098
1676025445,1.008,0.095
1676025445,1.007,0.094
1676025445,1.005,0.095
1676025445,1.005,0.1
1676025445,1.008,0.095
1676025445,1.009,0.097
1676025445,1.007,0.096
1676025445,1.003,0.091
1676025445,1.007,0.093
1676025445,1.006,0.094
1676025445,1.007,0.094
1676025446,1.011,0.094
1676025446,1.008,0.098
1676025446,1.009,0.093
1676025446,1.005,0.083
1676025446,1.007,0.086
1676025446,1.007,0.097
1676025446,1.009,0.097
1676025446,1.012,0.099
1676025446,1.006,0.084
1676025446,1.008,0.09
1676025446,1.009,0.1
1676025446,1.009,0.084
1676025446,1.008,0.1
1676025446,1.007,0.101
1676025446,1.01,0.093
1676025446,1.006,0.086
1676025446,1.01,0.097
1676025446,1.006,0.094
1676025446,1.006,0.09
1676025446,1.008,0.095
1676025447,1.011,0.11
1676025447,1.009,0.088
1676025447,1.009,0.093
1676025447,1.007,0.102
1676025447,1.009,0.096
1676025447,1.009,0.081
1676025447,1.009,0.1
1676025447,1.006,0.083
1676025447,1.012,0.098
1676025447,1.007,0.096
1676025447,1.01,0.127
1676025447,1.011,0.103
1676025447,1.013,0.106
1676025447,1.008,0.095
1676025447,1.007,0.09
1676025447,1.012,0.112
1676025447,1.012,0.131
1676025447,1.009,0.089
1676025447,1.01,0.099
1676025447,1.008,0.076
1676025448,1.009,0.094
1676025448,1.008,0.089
1676025448,1.01,0.081
1676025448,1.008,0.101
1676025448,1.011,0.058
1676025448,1.007,0.095
1676025448,1.008,0.116
1676025448,1.012,0.115
1676025448,1.007,0.098
1676025448,1.006,0.054
1676025448,1.007,0.098
1676025448,1.011,0.111
1676025448,1.009,0.111
1676025448,1.006,0.105
1676025448,1.01,0.096
1676025448,1.008,0.09
1676025448,1.01,0.1
1676025448,1.012,0.109
1676025448,1.009,0.099
1676025448,1.008,0.099
1676025449,1.01,0.111
1676025449,1.012,0.095
1676025449,1.012,0.11
1676025449,1.008,0.075
1676025449,1.009,0.093
1676025449,1.008,0.097
1676025449,1.013,0.11
1676025449,1.005,0.085
1676025449,1.01,0.07
1676025449,1.007,0.103
1676025449,1.011,0.102
1676025449,1.009,0.084
1676025449,1.009,0.106
1676025449,1.01,0.119
1676025449,1.006,0.068
1676025449,1.006,0.096
1676025449,1.008,0.092
1676025449,1.006,0.08
1676025449,1.008,0.094
1676025449,1.008,0.057
1676025450,1.009,0.106
1676025450,1.009,0.094
1676025450,1.006,0.062
1676025450,1.009,0.087
1676025450,1.013,0.097
1676025450,1.011,0.144
1676025450,1.011,0.114
1676025450,1.014,0.101
1676025450,1.01,0.097
1676025450,1.007,0.111
1676025450,1.009,0.098
1676025450,1.01,0.119
1676025450,1.01,0.113
1676025450,1.01,0.114
1676025450,1.009,0.096
1676025450,1.013,0.096
1676025450,1.011,0.106
1676025450,1.009,0.097
1676025450,1.009,0.103
1676025450,1.006,0.093
1676025451,1.008,0.113
1676025451,1.011,0.123
1676025451,1.005,0.051
1676025451,1.008,0.092
1676025451,1.007,0.115
1676025451,1.007,0.086
1676025451,1.009,0.111
1676025451,1.009,0.104
1676025451,1.01,0.085
1676025451,1.009,0.077
1676025451,1.01,0.089
1676025451,1.008,0.076
1676025451,1.006,0.102
1676025451,1.009,0.092
1676025451,1.008,0.07
1676025451,1.006,0.101
1676025451,1.009,0.093
1676025451,1.009,0.11
1676025451,1.007,0.084
1676025451,1.006,0.081
1676025452,1.01,0.093
1676025452,1.015,0.106
1676025452,1.009,0.098
1676025452,1.01,0.078
1676025452,1.007,0.101
1676025452,1.003,0.084
1676025452,1.007,0.099
1676025452,1.01,0.11
1676025452,1.007,0.088
1676025452,1.011,0.091
1676025452,1.01,0.105
1676025452,1.007,0.098
1676025452,1.011,0.096
1676025452,1.008,0.098
1676025452,1.007,0.107
1676025452,1.007,0.093
1676025452,1.007,0.112
1676025452,1.009,0.098
1676025452,1.008,0.095
1676025452,1.007,0.096
1676025453,1.007,0.087
1676025453,1.007,0.095
1676025453,1.011,0.097
1676025453,1.009,0.096
1676025453,1.01,0.094
1676025453,1.009,0.093
1676025453,1.007,0.09
1676025453,1.008,0.098
1676025453,1.01,0.095
1676025453,1.009,0.095
1676025453,1.007,0.097
1676025453,1.011,0.091
1676025453,1.007,0.097
1676025453,1.009,0.098
1676025453,1.009,0.094
1676025453,1.01,0.094
1676025453,1.007,0.095
1676025453,1.008,0.096
1676025453,1.009,0.097
1676025453,1.006,0.099
1676025454,1.009,0.096
1676025454,1.005,0.093
1676025454,1.004,0.096
1676025454,1.008,0.094
1676025454,1.007,0.096
1676025454,1.011,0.092
1676025454,1.008,0.092
1676025454,1.007,0.094
1676025454,1.007,0.097
1676025454,1.005,0.094
1676025454,1.007,0.094
1676025454,1.009,0.093
1676025454,1.005,0.091
1676025454,1.006,0.095
1676025454,1.007,0.095
1676025454,1.007,0.091
1676025454,1.009,0.093
1676025454,1.008,0.092
1676025454,1.006,0.094
1676025454,1.007,0.097
1676025455,1.008,0.097
1676025455,1.01,0.095
1676025455,1.008,0.095
1676025455,1.008,0.098
1676025455,1.012,0.094
1676025455,1.009,0.094
1676025455,1.007,0.094
1676025455,1.009,0.097
1676025455,1.009,0.094
1676025455,1.007,0.097
1676025455,1.003,0.097
1676025455,1.006,0.096
1676025455,1.009,0.095
1676025455,1.009,0.097
1676025455,1.006,0.091
1676025455,1.01,0.095
1676025455,1.011,0.095
1676025455,1.011,0.094
1676025455,1.007,0.095
1676025455,1.007,0.096
1676025456,1.006,0.097
1676025456,1.008,0.093
1676025456,1.008,0.094
1676025456,1.008,0.088
1676025456,1.007,0.098
1676025456,1.006,0.098
1676025456,1.01,0.095
1676025456,1.009,0.096
1676025456,1.011,0.096
1676025456,1.01,0.097
1676025456,1.009,0.093
1676025456,1.01,0.096
1676025456,1.01,0.097
1676025456,1.009,0.093
1676025456,1.008,0.093
1676025456,1.01,0.094
1676025456,1.011,0.094
1676025456,1.009,0.094
1676025456,1.008,0.095
1676025456,1.008,0.097
1676025457,1.009,0.097
1676025457,1.01,0.099
1676025457,1.01,0.091
1676025457,1.009,0.095
1676025457,1.013,0.094
1676025457,1.011,0.092
1676025457,1.005,0.092
1676025457,1.009,0.093
1676025457,1.008,0.096
1676025457,1.013,0.094
1676025457,1.007,0.096
1676025457,1.008,0.097
1676025457,1.005,0.094
1676025457,1.008,0.095
1676025457,1.006,0.094
1676025457,1.009,0.091
1676025457,1.01,0.094
1676025457,1.01,0.095
1676025457,1.009,0.094
1676025457,1.007,0.095
1676025458,1.008,0.092
1676025458,1.007,0.094
1676025458,1.009,0.095
1676025458,1.009,0.094
1676025458,1.008,0.096
1676025458,1.009,0.096
1676025458,1.008,0.091
1676025458,1.011,0.093
1676025458,1.008,0.093
1676025458,1.006,0.094
1676025458,1.006,0.092
1676025458,1.006,0.092
1676025458,1.008,0.096
1676025458,1.007,0.093
1676025458,1.006,0.093
1676025458,1.01,0.093
1676025458,1.008,0.094
1676025458,1.006,0.092
1676025458,1.008,0.092
1676025458,1.009,0.094
1676025459,1.01,0.096
1676025459,1.007,0.093
1676025459,1.007,0.089
1676025459,1.009,0.093
1676025459,1.009,0.095
1676025459,1.009,0.093
1676025459,1.011,0.095
1676025459,1.012,0.096
1676025459,1.009,0.093
1676025459,1.011,0.096
1676025459,1.007,0.094
1676025459,1.01,0.097
1676025459,1.009,0.094
1676025459,1.009,0.095
1676025459,1.008,0.096
1676025459,1.008,0.094
1676025459,1.013,0.097
1676025459,1.009,0.095
1676025459,1.009,0.095
1676025459,1.006,0.094
1676025460,1.009,0.092
1676025460,1.011,0.096
1676025460,1.011,0.095
1676025460,1.012,0.095
1676025460,1.007,0.094
1676025460,1.01,0.093
1676025460,1.01,0.093
1676025460,1.01,0.095
1676025460,1.011,0.096
1676025460,1.01,0.097
1676025460,1.007,0.093
1676025460,1.013,0.094
1676025460,1.013,0.096
1676025460,1.009,0.095
1676025460,1.011,0.097
1676025460,1.009,0.092
1676025460,1.008,0.094
1676025460,1.008,0.091
1676025460,1.014,0.096
1676025460,1.008,0.094
1676025461,1.011,0.091
1676025461,1.009,0.095
1676025461,1.01,0.093
1676025461,1.011,0.094
1676025461,1.009,0.097
1676025461,1.009,0.093
1676025461,1.009,0.093
1676025461,1.011,0.095
1676025461,1.01,0.095
1676025461,1.01,0.094
1676025461,1.009,0.097
1676025461,1.009,0.092
1676025461,1.008,0.096
1676025461,1.008,0.095
1676025461,1.009,0.093
1676025461,1.009,0.095
1676025461,1.005,0.095
1676025461,1.012,0.094
1676025461,1.009,0.095
1676025461,1.008,0.096
1676025462,1.006,0.095
1676025462,1.009,0.096
1676025462,1.005,0.099
1676025462,1.009,0.094
1676025462,1.009,0.094
1676025462,1.01,0.095
1676025462,1.008,0.094
1676025462,1.005,0.093
1676025462,1.009,0.093
1676025462,1.008,0.098
1676025462,1.007,0.094
1676025462,1.008,0.094
1676025462,1.007,0.091
1676025462,1.01,0.095
1676025462,1.006,0.097
1676025462,1.008,0.096
1676025462,1.01,0.096
1676025462,1.007,0.094
1676025462,1.008,0.097
1676025462,1.011,0.095
1676025463,1.009,0.095
1676025463,1.015,0.096
1676025463,1.009,0.096
1676025463,1.01,0.09
1676025463,1.01,0.086
1676025463,1.007,0.095
1676025463,1.009,0.095
1676025463,1.008,0.112
1676025463,1.011,0.098
1676025463,1.009,0.086
1676025463,1.011,0.098
1676025463,1.008,0.096
1676025463,1.008,0.088
1676025463,1.008,0.088
1676025463,1.006,0.104
1676025463,1.011,0.11
1676025463,1.007,0.097
1676025463,1.011,0.081
1676025463,1.009,0.099
1676025463,1.008,0.087
1676025464,1.011,0.109
1676025464,1.009,0.09
1676025464,1.006,0.099
1676025464,1.01,0.108
1676025464,1.012,0.111
1676025464,1.01,0.089
1676025464,1.008,0.082
1676025464,1.009,0.103
1676025464,1.006,0.093
1676025464,1.01,0.099
1676025464,1.008,0.083
1676025464,1.011,0.109
1676025464,1.013,0.117
1676025464,1.007,0.094
1676025464,1.009,0.086
1676025464,1.01,0.091
1676025464,1.006,0.09
1676025464,1.005,0.093
1676025464,1.009,0.073
1676025464,1.011,0.081
1676025465,1.01,0.109
1676025465,1.007,0.087
1676025465,1.006,0.035
1676025465,1.011,0.119
1676025465,1.008,0.102
1676025465,1.012,0.098
1676025465,1.013,0.107
1676025465,1.01,0.084
1676025465,1.013,0.106
1676025465,1.011,0.102
1676025465,1.012,0.088
1676025465,1.013,0.094
1676025465,1.009,0.097
1676025465,1.008,0.094
1676025465,1.011,0.103
1676025465,1.012,0.099
1676025465,1.008,0.086
1676025465,1.008,0.107
1676025465,1.008,0.086
1676025465,1.009,0.085
1676025466,1.007,0.084
1676025466,1.011,0.095
1676025466,1.006,0.096
1676025466,1.01,0.122
1676025466,1.008,0.09
1676025466,1.009,0.097
1676025466,1.009,0.087
1676025466,1.008,0.107
1676025466,1.009,0.096
1676025466,1.005,0.095
1676025466,1.007,0.087
1676025466,1.011,0.074
1676025466,1.007,0.071
1676025466,1.005,0.074
1676025466,1.011,0.109
1676025466,1.009,0.088
1676025466,1.008,0.094
1676025466,1.007,0.113
1676025466,1.007,0.083
1676025466,1.008,0.101
1676025467,1.011,0.115
1676025467,1.01,0.125
1676025467,1.009,0.112
1676025467,1.01,0.085
1676025467,1.005,0.101
1676025467,1.008,0.085
1676025467,1.008,0.077
1676025467,1.008,0.109
1676025467,1.008,0.093
1676025467,1.008,0.096
1676025467,1.01,0.105
1676025467,1.008,0.076
1676025467,1.007,0.114
1676025467,1.008,0.068
1676025467,1.008,0.107
1676025467,1.006,0.092
1676025467,1.009,0.091
1676025467,1.006,0.091
1676025467,1.003,0.048
1676025467,1.009,0.133
1676025468,1.006,0.07
1676025468,1.011,0.1
1676025468,1.008,0.101
1676025468,1.011,0.12
1676025468,1.005,0.076
1676025468,1.009,0.095
1676025468,1.008,0.1
1676025468,1.008,0.108
1676025468,1.008,0.105
1676025468,1.009,0.099
1676025468,1.007,0.09
1676025468,1.008,0.07
1676025468,1.003,0.101
1676025468,1.005,0.089
1676025468,1.011,0.095
1676025468,1.01,0.09
1676025468,1.009,0.092
1676025468,1.004,0.092
1676025468,1.009,0.093
1676025468,1.008,0.094
1676025469,1.006,0.092
1676025469,1.01,0.108
1676025469,1.005,0.084
1676025469,1.013,0.115
1676025469,1.007,0.099
1676025469,1.009,0.094
1676025469,1.006,0.092
1676025469,1.008,0.09
1676025469,1.007,0.095
1676025469,1.011,0.108
1676025469,1.008,0.091
1676025469,1.007,0.09
1676025469,1.01,0.104
1676025469,1.007,0.104
1676025469,1.006,0.08
1676025469,1.01,0.075
1676025469,1.007,0.089
1676025469,1.01,0.101
1676025469,1.007,0.09
1676025469,1.007,0.077
1676025470,1.01,0.092
1676025470,1.009,0.08
1676025470,1.006,0.102
1676025470,1.006,0.095
1676025470,1.008,0.094
1676025470,1.007,0.097
1676025470,1.011,0.102
1676025470,1.009,0.103
1676025470,1.01,0.101
1676025470,1.007,0.098
1676025470,1.006,0.094
1676025470,1.009,0.093
1676025470,1.008,0.091
1676025470,1.008,0.091
1676025470,1.008,0.096
1676025470,1.008,0.092
1676025470,1.009,0.096
1676025470,1.01,0.096
1676025470,1.008,0.095
1676025470,1.01,0.097
1676025471,1.004,0.093
1676025471,1.009,0.098
1676025471,1.008,0.091
1676025471,1.006,0.092
1676025471,1.006,0.094
1676025471,1.003,0.103
1676025471,1.009,0.095
1676025471,1.01,0.097
1676025471,1.008,0.096
1676025471,1.006,0.092
1676025471,1.007,0.094
1676025471,1.008,0.093
1676025471,1.007,0.093
1676025471,1.009,0.092
1676025471,1.01,0.093
1676025471,1.011,0.09
1676025471,1.01,0.096
1676025471,1.008,0.097
1676025471,1.007,0.094
1676025471,1.01,0.094
1676025472,1.009,0.092
1676025472,1.009,0.098
1676025472,1.009,0.094
1676025472,1.009,0.095
1676025472,1.007,0.094
1676025472,1.011,0.096
1676025472,1.01,0.096
1676025472,1.007,0.091
1676025472,1.011,0.094
1676025472,1.007,0.091
1676025472,1.006,0.093
1676025472,1.009,0.094
1676025472,1.008,0.094
1676025472,1.008,0.093
1676025472,1.006,0.093
1676025472,1.008,0.094
1676025472,1.005,0.097
1676025472,1.005,0.092
1676025472,1.009,0.095
1676025472,1.01,0.094
1676025473,1.006,0.092
1676025473,1.012,0.094
1676025473,1.006,0.093
1676025473,1.006,0.092
1676025473,1.007,0.092
1676025473,1.008,0.091
1676025473,1.009,0.093
1676025473,1.007,0.095
1676025473,1.01,0.095
1676025473,1.01,0.095
1676025473,1.008,0.092
1676025473,1.01,0.094
1676025473,1.006,0.094
1676025473,1.006,0.089
1676025473,1.008,0.093
1676025473,1.005,0.091
1676025473,1.008,0.092
1676025473,1.009,0.093
1676025473,1.011,0.096
1676025473,1.011,0.095
1676025474,1.008,0.091
1676025474,1.011,0.094
1676025474,1.006,0.092
1676025474,1.009,0.091
1676025474,1.008,0.094
1676025474,1.008,0.092
1676025474,1.012,0.092
1676025474,1.008,0.095
1676025474,1.007,0.095
1676025474,1.011,0.093
1676025474,1.007,0.096
1676025474,1.009,0.095
1676025474,1.007,0.094
1676025474,1.008,0.093
1676025474,1.007,0.096
1676025474,1.012,0.09
1676025474,1.007,0.093
1676025474,1.009,0.094
1676025474,1.011,0.096
1676025474,1.01,0.092
1676025475,1.007,0.095
1676025475,1.007,0.093
1676025475,1.011,0.095
1676025475,1.007,0.092
1676025475,1.009,0.092
1676025475,1.006,0.09
1676025475,1.011,0.1
1676025475,1.01,0.091
1676025475,1.01,0.093
1676025475,1.009,0.09
1676025475,1.01,0.087
1676025475,1.01,0.099
1676025475,1.007,0.096
1676025475,1.008,0.103
1676025475,1.008,0.09
1676025475,1.01,0.096
1676025475,1.009,0.08
1676025475,1.007,0.097
1676025475,1.011,0.089
1676025475,1.008,0.097
