,Channel A Last (V),Channel B Last (V)
1676296198,1.035,0.112
1676296198,1.031,0.111
1676296198,1.035,0.103
1676296198,1.033,0.115
1676296198,1.032,0.114
1676296198,1.032,0.11
1676296198,1.033,0.107
1676296198,1.035,0.109
1676296198,1.037,0.107
1676296198,1.032,0.107
1676296198,1.031,0.108
1676296198,1.031,0.12
1676296198,1.035,0.112
1676296198,1.033,0.109
1676296198,1.037,0.112
1676296198,1.032,0.111
1676296198,1.033,0.113
1676296198,1.034,0.115
1676296198,1.037,0.112
1676296199,1.035,0.107
1676296199,1.033,0.112
1676296199,1.033,0.111
1676296199,1.035,0.104
1676296199,1.032,0.111
1676296199,1.032,0.111
1676296199,1.03,0.116
1676296199,1.03,0.103
1676296199,1.03,0.105
1676296199,1.032,0.111
1676296199,1.033,0.119
1676296199,1.032,0.11
1676296199,1.036,0.11
1676296199,1.031,0.097
1676296199,1.033,0.112
1676296199,1.031,0.111
1676296199,1.033,0.113
1676296199,1.033,0.118
1676296199,1.033,0.109
1676296199,1.033,0.108
1676296200,1.033,0.12
1676296200,1.031,0.104
1676296200,1.031,0.111
1676296200,1.032,0.119
1676296200,1.03,0.103
1676296200,1.031,0.109
1676296200,1.033,0.118
1676296200,1.032,0.107
1676296200,1.032,0.111
1676296200,1.032,0.115
1676296200,1.033,0.116
1676296200,1.031,0.107
1676296200,1.032,0.102
1676296200,1.034,0.11
1676296200,1.031,0.103
1676296200,1.032,0.099
1676296200,1.032,0.111
1676296200,1.032,0.098
1676296200,1.032,0.107
1676296200,1.034,0.105
1676296201,1.034,0.109
1676296201,1.029,0.11
1676296201,1.031,0.114
1676296201,1.032,0.1
1676296201,1.032,0.103
1676296201,1.033,0.117
1676296201,1.031,0.111
1676296201,1.031,0.101
1676296201,1.03,0.106
1676296201,1.03,0.107
1676296201,1.033,0.117
1676296201,1.035,0.11
1676296201,1.032,0.108
1676296201,1.031,0.11
1676296201,1.036,0.104
1676296201,1.033,0.098
1676296201,1.031,0.106
1676296201,1.032,0.117
1676296201,1.032,0.104
1676296201,1.034,0.11
1676296202,1.036,0.111
1676296202,1.035,0.11
1676296202,1.034,0.106
1676296202,1.032,0.111
1676296202,1.034,0.106
1676296202,1.034,0.112
1676296202,1.031,0.112
1676296202,1.034,0.108
1676296202,1.032,0.111
1676296202,1.031,0.11
1676296202,1.033,0.114
1676296202,1.032,0.112
1676296202,1.032,0.106
1676296202,1.034,0.111
1676296202,1.033,0.113
1676296202,1.033,0.104
1676296202,1.033,0.111
1676296202,1.032,0.104
1676296202,1.032,0.103
1676296202,1.033,0.109
1676296203,1.032,0.118
1676296203,1.034,0.115
1676296203,1.033,0.108
1676296203,1.031,0.11
1676296203,1.031,0.11
1676296203,1.035,0.114
1676296203,1.033,0.106
1676296203,1.039,0.113
1676296203,1.034,0.113
1676296203,1.033,0.115
1676296203,1.033,0.105
1676296203,1.032,0.105
1676296203,1.037,0.11
1676296203,1.035,0.11
1676296203,1.034,0.115
1676296203,1.043,0.123
1676296203,1.036,0.107
1676296203,1.034,0.105
1676296203,1.033,0.122
1676296203,1.035,0.109
1676296204,1.033,0.107
1676296204,1.032,0.109
1676296204,1.032,0.114
1676296204,1.031,0.1
1676296204,1.033,0.109
1676296204,1.031,0.112
1676296204,1.032,0.102
1676296204,1.035,0.111
1676296204,1.034,0.112
1676296204,1.033,0.112
1676296204,1.032,0.112
1676296204,1.035,0.111
1676296204,1.032,0.113
1676296204,1.031,0.112
1676296204,1.032,0.115
1676296204,1.031,0.122
1676296204,1.028,0.118
1676296204,1.032,0.111
1676296204,1.033,0.105
1676296204,1.032,0.112
1676296205,1.034,0.11
1676296205,1.03,0.109
1676296205,1.034,0.106
1676296205,1.032,0.119
1676296205,1.033,0.109
1676296205,1.034,0.109
1676296205,1.031,0.107
1676296205,1.031,0.104
1676296205,1.033,0.104
1676296205,1.031,0.122
1676296205,1.034,0.105
1676296205,1.032,0.104
1676296205,1.031,0.111
1676296205,1.034,0.103
1676296205,1.033,0.11
1676296205,1.031,0.112
1676296205,1.033,0.102
1676296205,1.034,0.115
1676296205,1.032,0.105
1676296205,1.032,0.107
1676296206,1.031,0.115
1676296206,1.03,0.113
1676296206,1.033,0.115
1676296206,1.033,0.12
1676296206,1.035,0.123
1676296206,1.031,0.107
1676296206,1.032,0.116
1676296206,1.03,0.116
1676296206,1.03,0.11
1676296206,1.033,0.108
1676296206,1.033,0.105
1676296206,1.035,0.114
1676296206,1.034,0.105
1676296206,1.032,0.11
1676296206,1.03,0.107
1676296206,1.031,0.112
1676296206,1.033,0.11
1676296206,1.035,0.111
1676296206,1.034,0.101
1676296206,1.035,0.109
1676296207,1.032,0.111
1676296207,1.032,0.11
1676296207,1.033,0.111
1676296207,1.033,0.112
1676296207,1.033,0.114
1676296207,1.033,0.107
1676296207,1.031,0.107
1676296207,1.032,0.106
1676296207,1.031,0.103
1676296207,1.032,0.116
1676296207,1.035,0.12
1676296207,1.033,0.108
1676296207,1.034,0.111
1676296207,1.031,0.113
1676296207,1.036,0.109
1676296207,1.031,0.114
1676296207,1.033,0.108
1676296207,1.033,0.107
1676296207,1.028,0.111
1676296207,1.032,0.113
1676296208,1.032,0.108
1676296208,1.034,0.109
1676296208,1.034,0.112
1676296208,1.036,0.109
1676296208,1.033,0.109
1676296208,1.036,0.107
1676296208,1.034,0.1
1676296208,1.036,0.105
1676296208,1.034,0.115
1676296208,1.033,0.103
1676296208,1.031,0.112
1676296208,1.031,0.118
1676296208,1.029,0.126
1676296208,1.032,0.113
1676296208,1.031,0.103
1676296208,1.032,0.109
1676296208,1.034,0.113
1676296208,1.031,0.109
1676296208,1.029,0.109
1676296208,1.032,0.103
1676296209,1.03,0.116
1676296209,1.029,0.106
1676296209,1.029,0.111
1676296209,1.03,0.108
1676296209,1.031,0.111
1676296209,1.03,0.103
1676296209,1.031,0.11
1676296209,1.03,0.111
1676296209,1.032,0.103
1676296209,1.031,0.115
1676296209,1.032,0.111
1676296209,1.032,0.118
1676296209,1.031,0.11
1676296209,1.031,0.114
1676296209,1.031,0.113
1676296209,1.034,0.107
1676296209,1.031,0.112
1676296209,1.034,0.104
1676296209,1.035,0.113
1676296209,1.033,0.107
1676296210,1.031,0.109
1676296210,1.033,0.106
1676296210,1.032,0.113
1676296210,1.033,0.112
1676296210,1.031,0.106
1676296210,1.032,0.112
1676296210,1.031,0.105
1676296210,1.032,0.117
1676296210,1.034,0.103
1676296210,1.031,0.118
1676296210,1.033,0.108
1676296210,1.03,0.106
1676296210,1.031,0.107
1676296210,1.033,0.109
1676296210,1.034,0.11
1676296210,1.035,0.11
1676296210,1.034,0.111
1676296210,1.031,0.11
1676296210,1.03,0.105
1676296210,1.031,0.104
1676296211,1.036,0.108
1676296211,1.034,0.113
1676296211,1.034,0.108
1676296211,1.035,0.106
1676296211,1.031,0.118
1676296211,1.031,0.105
1676296211,1.033,0.114
1676296211,1.032,0.115
1676296211,1.033,0.113
1676296211,1.033,0.11
1676296211,1.034,0.109
1676296211,1.032,0.104
1676296211,1.032,0.115
1676296211,1.032,0.116
1676296211,1.031,0.104
1676296211,1.034,0.117
1676296211,1.033,0.104
1676296211,1.033,0.11
1676296211,1.035,0.111
1676296211,1.031,0.1
1676296212,1.031,0.105
1676296212,1.035,0.106
1676296212,1.032,0.109
1676296212,1.031,0.119
1676296212,1.033,0.107
1676296212,1.031,0.106
1676296212,1.035,0.106
1676296212,1.031,0.105
1676296212,1.03,0.113
1676296212,1.033,0.11
1676296212,1.033,0.104
1676296212,1.03,0.117
1676296212,1.032,0.104
1676296212,1.034,0.113
1676296212,1.032,0.102
1676296212,1.033,0.11
1676296212,1.039,0.105
1676296212,1.034,0.108
1676296212,1.033,0.116
1676296212,1.03,0.114
1676296213,1.035,0.105
1676296213,1.037,0.108
1676296213,1.034,0.114
1676296213,1.033,0.103
1676296213,1.034,0.11
1676296213,1.033,0.113
1676296213,1.032,0.111
1676296213,1.033,0.109
1676296213,1.033,0.1
1676296213,1.034,0.109
1676296213,1.032,0.108
1676296213,1.033,0.121
1676296213,1.031,0.117
1676296213,1.032,0.111
1676296213,1.032,0.114
1676296213,1.031,0.115
1676296213,1.03,0.11
1676296213,1.033,0.111
1676296213,1.034,0.109
1676296213,1.033,0.103
1676296214,1.033,0.109
1676296214,1.032,0.115
1676296214,1.032,0.121
1676296214,1.03,0.115
1676296214,1.03,0.105
1676296214,1.031,0.113
1676296214,1.032,0.112
1676296214,1.032,0.115
1676296214,1.03,0.12
1676296214,1.028,0.106
1676296214,1.032,0.109
1676296214,1.032,0.109
1676296214,1.033,0.11
1676296214,1.03,0.109
1676296214,1.032,0.115
1676296214,1.027,0.113
1676296214,1.034,0.114
1676296214,1.033,0.109
1676296214,1.034,0.111
1676296214,1.033,0.103
1676296215,1.035,0.115
1676296215,1.032,0.118
1676296215,1.034,0.1
1676296215,1.031,0.107
1676296215,1.033,0.109
1676296215,1.031,0.109
1676296215,1.03,0.106
1676296215,1.031,0.118
1676296215,1.032,0.115
1676296215,1.033,0.105
1676296215,1.034,0.112
1676296215,1.035,0.113
1676296215,1.036,0.107
1676296215,1.03,0.113
1676296215,1.031,0.105
1676296215,1.03,0.103
1676296215,1.031,0.114
1676296215,1.034,0.114
1676296215,1.033,0.106
1676296215,1.033,0.119
1676296216,1.036,0.097
1676296216,1.033,0.118
1676296216,1.034,0.116
1676296216,1.031,0.111
1676296216,1.031,0.109
1676296216,1.032,0.112
1676296216,1.031,0.113
1676296216,1.034,0.111
1676296216,1.034,0.108
1676296216,1.03,0.113
1676296216,1.03,0.108
1676296216,1.03,0.112
1676296216,1.032,0.107
1676296216,1.034,0.111
1676296216,1.033,0.103
1676296216,1.031,0.115
1676296216,1.035,0.088
1676296216,1.034,0.105
1676296216,1.03,0.11
1676296216,1.033,0.109
1676296217,1.034,0.11
1676296217,1.033,0.113
1676296217,1.032,0.115
1676296217,1.034,0.11
1676296217,1.034,0.094
1676296217,1.032,0.112
1676296217,1.03,0.103
1676296217,1.032,0.107
1676296217,1.03,0.111
1676296217,1.029,0.114
1676296217,1.032,0.111
1676296217,1.03,0.108
1676296217,1.032,0.1
1676296217,1.032,0.113
1676296217,1.032,0.109
1676296217,1.032,0.115
1676296217,1.028,0.112
1676296217,1.032,0.101
1676296217,1.033,0.116
1676296217,1.035,0.107
1676296218,1.033,0.109
1676296218,1.034,0.104
1676296218,1.033,0.109
1676296218,1.034,0.109
1676296218,1.032,0.107
1676296218,1.034,0.113
1676296218,1.031,0.113
1676296218,1.029,0.118
1676296218,1.033,0.118
1676296218,1.032,0.113
1676296218,1.031,0.108
1676296218,1.034,0.109
1676296218,1.03,0.11
1676296218,1.032,0.107
1676296218,1.03,0.109
1676296218,1.032,0.112
1676296218,1.027,0.115
1676296218,1.032,0.123
1676296218,1.029,0.112
1676296218,1.03,0.1
1676296219,1.029,0.11
1676296219,1.031,0.106
1676296219,1.034,0.111
1676296219,1.032,0.12
1676296219,1.032,0.108
1676296219,1.031,0.115
1676296219,1.033,0.108
1676296219,1.033,0.117
1676296219,1.034,0.109
1676296219,1.034,0.106
1676296219,1.029,0.108
1676296219,1.029,0.118
1676296219,1.034,0.121
1676296219,1.033,0.108
1676296219,1.03,0.106
1676296219,1.033,0.101
1676296219,1.035,0.109
1676296219,1.032,0.116
1676296219,1.033,0.105
1676296219,1.034,0.119
1676296220,1.034,0.108
1676296220,1.035,0.104
1676296220,1.033,0.111
1676296220,1.031,0.11
1676296220,1.032,0.106
1676296220,1.031,0.104
1676296220,1.034,0.106
1676296220,1.033,0.108
1676296220,1.031,0.112
1676296220,1.032,0.123
1676296220,1.032,0.118
1676296220,1.032,0.107
1676296220,1.032,0.116
1676296220,1.03,0.114
1676296220,1.033,0.109
1676296220,1.032,0.11
1676296220,1.033,0.103
1676296220,1.031,0.108
1676296220,1.03,0.111
1676296220,1.036,0.113
1676296221,1.031,0.105
1676296221,1.03,0.119
1676296221,1.032,0.114
1676296221,1.033,0.108
1676296221,1.034,0.106
1676296221,1.031,0.106
1676296221,1.032,0.11
1676296221,1.028,0.111
1676296221,1.033,0.107
1676296221,1.036,0.103
1676296221,1.031,0.104
1676296221,1.035,0.106
1676296221,1.031,0.107
1676296221,1.036,0.113
1676296221,1.036,0.11
1676296221,1.033,0.114
1676296221,1.034,0.118
1676296221,1.034,0.104
1676296221,1.031,0.11
1676296221,1.032,0.114
1676296222,1.032,0.115
1676296222,1.031,0.106
1676296222,1.033,0.102
1676296222,1.034,0.115
1676296222,1.036,0.11
1676296222,1.031,0.114
1676296222,1.035,0.115
1676296222,1.032,0.109
1676296222,1.033,0.114
1676296222,1.031,0.109
1676296222,1.032,0.109
1676296222,1.033,0.109
1676296222,1.035,0.108
1676296222,1.034,0.109
1676296222,1.032,0.101
1676296222,1.032,0.112
1676296222,1.03,0.104
1676296222,1.032,0.107
1676296222,1.034,0.115
1676296222,1.032,0.105
1676296223,1.031,0.109
1676296223,1.034,0.108
1676296223,1.032,0.111
1676296223,1.033,0.101
1676296223,1.03,0.105
1676296223,1.029,0.113
1676296223,1.03,0.112
1676296223,1.03,0.108
1676296223,1.032,0.103
1676296223,1.031,0.107
1676296223,1.031,0.103
1676296223,1.034,0.11
1676296223,1.032,0.114
1676296223,1.032,0.108
1676296223,1.035,0.112
1676296223,1.033,0.116
1676296223,1.03,0.11
1676296223,1.033,0.119
1676296223,1.03,0.109
1676296223,1.03,0.108
1676296224,1.031,0.106
1676296224,1.029,0.106
1676296224,1.029,0.108
1676296224,1.032,0.106
1676296224,1.031,0.106
1676296224,1.03,0.108
1676296224,1.029,0.111
1676296224,1.029,0.103
1676296224,1.034,0.116
1676296224,1.033,0.109
1676296224,1.029,0.113
1676296224,1.032,0.116
1676296224,1.032,0.105
1676296224,1.031,0.114
1676296224,1.031,0.109
1676296224,1.03,0.11
1676296224,1.03,0.11
1676296224,1.031,0.113
1676296224,1.031,0.116
1676296224,1.032,0.11
1676296225,1.034,0.105
1676296225,1.033,0.105
1676296225,1.03,0.104
1676296225,1.032,0.105
1676296225,1.032,0.114
1676296225,1.029,0.098
1676296225,1.031,0.106
1676296225,1.031,0.11
1676296225,1.032,0.11
1676296225,1.03,0.112
1676296225,1.032,0.11
1676296225,1.028,0.104
1676296225,1.029,0.117
1676296225,1.031,0.11
1676296225,1.03,0.104
1676296225,1.034,0.103
1676296225,1.032,0.108
1676296225,1.033,0.105
1676296225,1.031,0.117
1676296225,1.03,0.112
1676296226,1.034,0.108
1676296226,1.031,0.107
1676296226,1.033,0.109
1676296226,1.029,0.108
1676296226,1.032,0.113
1676296226,1.034,0.112
1676296226,1.033,0.11
1676296226,1.033,0.107
1676296226,1.031,0.11
1676296226,1.031,0.108
1676296226,1.028,0.101
1676296226,1.03,0.105
1676296226,1.033,0.113
1676296226,1.029,0.105
1676296226,1.033,0.104
1676296226,1.036,0.123
1676296226,1.032,0.11
1676296226,1.028,0.104
1676296226,1.032,0.112
1676296226,1.031,0.111
1676296227,1.03,0.107
1676296227,1.028,0.107
1676296227,1.029,0.12
1676296227,1.036,0.108
1676296227,1.031,0.11
1676296227,1.032,0.106
1676296227,1.033,0.105
1676296227,1.032,0.105
1676296227,1.029,0.113
1676296227,1.031,0.11
1676296227,1.031,0.105
1676296227,1.032,0.103
1676296227,1.032,0.102
1676296227,1.031,0.103
1676296227,1.031,0.112
1676296227,1.032,0.108
1676296227,1.034,0.097
1676296227,1.028,0.104
1676296227,1.032,0.104
1676296227,1.031,0.11
1676296228,1.032,0.102
1676296228,1.034,0.108
1676296228,1.032,0.113
1676296228,1.031,0.108
1676296228,1.031,0.112
1676296228,1.03,0.112
1676296228,1.031,0.106
1676296228,1.031,0.112
1676296228,1.03,0.11
1676296228,1.029,0.112
1676296228,1.027,0.113
1676296228,1.028,0.113
1676296228,1.031,0.107
1676296228,1.032,0.108
1676296228,1.031,0.109
1676296228,1.032,0.108
1676296228,1.031,0.113
1676296228,1.033,0.107
1676296228,1.031,0.103
1676296228,1.028,0.107
1676296229,1.032,0.115
1676296229,1.032,0.108
1676296229,1.028,0.107
1676296229,1.033,0.103
1676296229,1.032,0.112
1676296229,1.031,0.108
1676296229,1.033,0.104
1676296229,1.032,0.11
1676296229,1.033,0.111
1676296229,1.029,0.11
1676296229,1.031,0.105
1676296229,1.032,0.101
1676296229,1.031,0.119
1676296229,1.029,0.11
1676296229,1.034,0.109
1676296229,1.034,0.112
1676296229,1.029,0.116
1676296229,1.031,0.107
1676296229,1.032,0.108
1676296229,1.031,0.108
1676296230,1.031,0.113
1676296230,1.031,0.109
1676296230,1.033,0.109
1676296230,1.03,0.1
1676296230,1.032,0.118
1676296230,1.032,0.113
1676296230,1.03,0.105
1676296230,1.032,0.112
1676296230,1.029,0.108
1676296230,1.032,0.105
1676296230,1.03,0.103
1676296230,1.028,0.113
1676296230,1.028,0.102
1676296230,1.032,0.109
1676296230,1.032,0.107
1676296230,1.032,0.112
1676296230,1.033,0.106
1676296230,1.033,0.12
1676296230,1.034,0.116
1676296230,1.029,0.108
1676296231,1.034,0.103
1676296231,1.029,0.109
1676296231,1.033,0.102
1676296231,1.031,0.107
1676296231,1.029,0.104
1676296231,1.031,0.101
1676296231,1.03,0.109
1676296231,1.035,0.102
1676296231,1.03,0.11
1676296231,1.032,0.091
1676296231,1.031,0.109
1676296231,1.029,0.112
1676296231,1.03,0.102
1676296231,1.026,0.125
1676296231,1.03,0.106
1676296231,1.031,0.109
1676296231,1.031,0.111
1676296231,1.032,0.109
1676296231,1.032,0.114
1676296231,1.029,0.118
1676296232,1.032,0.112
1676296232,1.033,0.112
1676296232,1.033,0.105
1676296232,1.031,0.11
1676296232,1.028,0.112
1676296232,1.03,0.105
1676296232,1.031,0.11
1676296232,1.027,0.104
1676296232,1.033,0.112
1676296232,1.031,0.111
1676296232,1.029,0.099
1676296232,1.03,0.112
1676296232,1.032,0.101
1676296232,1.03,0.108
1676296232,1.032,0.106
1676296232,1.032,0.112
1676296232,1.03,0.103
1676296232,1.031,0.105
1676296232,1.028,0.118
1676296232,1.03,0.113
1676296233,1.031,0.104
1676296233,1.031,0.107
1676296233,1.031,0.107
1676296233,1.029,0.104
1676296233,1.031,0.105
1676296233,1.029,0.107
1676296233,1.033,0.105
1676296233,1.03,0.103
1676296233,1.034,0.106
1676296233,1.028,0.115
1676296233,1.032,0.111
1676296233,1.032,0.113
1676296233,1.032,0.112
1676296233,1.028,0.1
1676296233,1.024,0.117
1676296233,1.03,0.102
1676296233,1.027,0.104
1676296233,1.032,0.105
1676296233,1.029,0.112
1676296233,1.034,0.106
1676296234,1.029,0.11
1676296234,1.035,0.113
1676296234,1.032,0.105
1676296234,1.032,0.109
1676296234,1.03,0.11
1676296234,1.031,0.11
1676296234,1.031,0.114
1676296234,1.034,0.113
1676296234,1.032,0.107
1676296234,1.031,0.11
1676296234,1.034,0.104
1676296234,1.032,0.114
1676296234,1.03,0.106
1676296234,1.029,0.111
1676296234,1.026,0.117
1676296234,1.03,0.11
1676296234,1.028,0.112
1676296234,1.029,0.105
1676296234,1.033,0.105
1676296234,1.033,0.112
1676296235,1.03,0.104
1676296235,1.028,0.107
1676296235,1.035,0.101
1676296235,1.029,0.11
1676296235,1.029,0.11
1676296235,1.029,0.107
1676296235,1.031,0.102
1676296235,1.035,0.107
1676296235,1.033,0.105
1676296235,1.031,0.111
1676296235,1.033,0.117
1676296235,1.031,0.1
1676296235,1.034,0.106
1676296235,1.032,0.11
1676296235,1.031,0.108
1676296235,1.031,0.105
1676296235,1.032,0.109
1676296235,1.031,0.104
1676296235,1.032,0.105
1676296235,1.032,0.106
1676296236,1.034,0.111
1676296236,1.034,0.11
1676296236,1.032,0.112
1676296236,1.031,0.106
1676296236,1.031,0.105
1676296236,1.029,0.104
1676296236,1.033,0.109
1676296236,1.031,0.105
1676296236,1.03,0.107
1676296236,1.031,0.107
1676296236,1.033,0.113
1676296236,1.033,0.106
1676296236,1.031,0.111
1676296236,1.034,0.11
1676296236,1.033,0.116
1676296236,1.034,0.105
1676296236,1.033,0.11
1676296236,1.03,0.115
1676296236,1.03,0.101
1676296236,1.031,0.106
1676296237,1.032,0.11
1676296237,1.03,0.107
1676296237,1.032,0.101
1676296237,1.03,0.111
1676296237,1.032,0.106
1676296237,1.031,0.114
1676296237,1.03,0.105
1676296237,1.031,0.106
1676296237,1.03,0.107
1676296237,1.03,0.107
1676296237,1.031,0.11
1676296237,1.031,0.108
1676296237,1.033,0.109
1676296237,1.026,0.108
1676296237,1.029,0.1
1676296237,1.03,0.119
1676296237,1.032,0.094
1676296237,1.029,0.106
1676296237,1.032,0.103
1676296237,1.03,0.113
1676296238,1.032,0.114
1676296238,1.031,0.111
1676296238,1.031,0.107
1676296238,1.032,0.108
1676296238,1.032,0.105
1676296238,1.032,0.106
1676296238,1.033,0.107
1676296238,1.033,0.116
1676296238,1.032,0.097
1676296238,1.033,0.109
1676296238,1.034,0.105
1676296238,1.029,0.105
1676296238,1.032,0.109
1676296238,1.033,0.118
1676296238,1.035,0.102
1676296238,1.033,0.106
1676296238,1.037,0.109
1676296238,1.032,0.111
1676296238,1.032,0.104
1676296238,1.031,0.105
1676296239,1.031,0.111
1676296239,1.03,0.109
1676296239,1.033,0.111
1676296239,1.033,0.101
1676296239,1.033,0.102
1676296239,1.031,0.106
1676296239,1.031,0.105
1676296239,1.031,0.105
1676296239,1.034,0.115
1676296239,1.031,0.106
1676296239,1.032,0.105
1676296239,1.032,0.11
1676296239,1.031,0.106
1676296239,1.032,0.108
1676296239,1.032,0.109
1676296239,1.028,0.112
1676296239,1.032,0.112
1676296239,1.035,0.104
1676296239,1.029,0.106
1676296239,1.033,0.107
1676296240,1.034,0.107
1676296240,1.031,0.112
1676296240,1.029,0.103
1676296240,1.034,0.111
1676296240,1.03,0.109
1676296240,1.033,0.106
1676296240,1.03,0.099
1676296240,1.03,0.109
1676296240,1.03,0.101
1676296240,1.03,0.102
1676296240,1.034,0.106
1676296240,1.029,0.11
1676296240,1.034,0.112
1676296240,1.033,0.104
1676296240,1.033,0.109
1676296240,1.034,0.11
1676296240,1.031,0.114
1676296240,1.031,0.115
1676296240,1.036,0.106
1676296240,1.029,0.109
1676296241,1.032,0.11
1676296241,1.032,0.109
1676296241,1.031,0.111
1676296241,1.032,0.114
1676296241,1.032,0.114
1676296241,1.032,0.108
1676296241,1.034,0.112
1676296241,1.033,0.107
1676296241,1.033,0.106
1676296241,1.032,0.107
1676296241,1.032,0.109
1676296241,1.031,0.116
1676296241,1.032,0.1
1676296241,1.033,0.105
1676296241,1.031,0.111
1676296241,1.034,0.108
1676296241,1.03,0.105
1676296241,1.034,0.109
1676296241,1.035,0.098
1676296241,1.032,0.107
1676296242,1.034,0.105
1676296242,1.03,0.103
1676296242,1.031,0.101
1676296242,1.033,0.106
1676296242,1.035,0.111
1676296242,1.03,0.102
1676296242,1.033,0.109
1676296242,1.032,0.109
1676296242,1.034,0.106
1676296242,1.032,0.106
1676296242,1.029,0.106
1676296242,1.032,0.105
1676296242,1.03,0.11
1676296242,1.028,0.106
1676296242,1.031,0.105
1676296242,1.031,0.105
1676296242,1.03,0.112
1676296242,1.032,0.104
1676296242,1.033,0.106
1676296242,1.029,0.112
1676296243,1.033,0.105
1676296243,1.031,0.101
1676296243,1.031,0.106
1676296243,1.032,0.107
1676296243,1.032,0.105
1676296243,1.031,0.101
1676296243,1.031,0.109
1676296243,1.033,0.109
1676296243,1.032,0.101
1676296243,1.033,0.105
1676296243,1.034,0.112
1676296243,1.031,0.106
1676296243,1.034,0.104
1676296243,1.032,0.106
1676296243,1.033,0.104
1676296243,1.03,0.113
1676296243,1.032,0.105
1676296243,1.032,0.106
1676296243,1.027,0.107
1676296243,1.03,0.115
1676296244,1.031,0.105
1676296244,1.031,0.108
1676296244,1.031,0.107
1676296244,1.028,0.111
1676296244,1.032,0.111
1676296244,1.032,0.109
1676296244,1.031,0.1
1676296244,1.032,0.107
1676296244,1.031,0.104
1676296244,1.034,0.116
1676296244,1.033,0.114
1676296244,1.034,0.1
1676296244,1.031,0.113
1676296244,1.034,0.108
1676296244,1.028,0.114
1676296244,1.034,0.108
1676296244,1.029,0.109
1676296244,1.029,0.112
1676296244,1.028,0.108
1676296244,1.033,0.11
1676296245,1.033,0.103
1676296245,1.032,0.106
1676296245,1.028,0.108
1676296245,1.032,0.102
1676296245,1.027,0.111
1676296245,1.031,0.105
1676296245,1.031,0.111
1676296245,1.03,0.097
1676296245,1.031,0.112
1676296245,1.031,0.097
1676296245,1.034,0.118
1676296245,1.03,0.11
1676296245,1.033,0.111
1676296245,1.033,0.11
1676296245,1.032,0.105
1676296245,1.031,0.11
1676296245,1.029,0.104
1676296245,1.031,0.104
1676296245,1.033,0.106
1676296245,1.033,0.108
1676296246,1.029,0.11
1676296246,1.029,0.102
1676296246,1.035,0.104
1676296246,1.032,0.107
1676296246,1.031,0.113
1676296246,1.032,0.102
1676296246,1.031,0.102
1676296246,1.034,0.105
1676296246,1.036,0.11
1676296246,1.033,0.106
1676296246,1.033,0.109
1676296246,1.032,0.106
1676296246,1.034,0.101
1676296246,1.031,0.112
1676296246,1.03,0.092
1676296246,1.031,0.095
1676296246,1.031,0.099
1676296246,1.029,0.112
1676296246,1.029,0.111
1676296246,1.032,0.112
1676296247,1.03,0.11
1676296247,1.032,0.11
1676296247,1.033,0.109
1676296247,1.032,0.108
1676296247,1.031,0.111
1676296247,1.032,0.104
1676296247,1.032,0.106
1676296247,1.033,0.107
1676296247,1.032,0.1
1676296247,1.03,0.101
1676296247,1.032,0.104
1676296247,1.032,0.107
1676296247,1.031,0.104
1676296247,1.032,0.11
1676296247,1.03,0.109
1676296247,1.036,0.108
1676296247,1.032,0.106
1676296247,1.032,0.107
1676296247,1.033,0.113
1676296247,1.032,0.113
1676296248,1.031,0.102
1676296248,1.034,0.105
1676296248,1.033,0.102
1676296248,1.033,0.101
1676296248,1.035,0.106
1676296248,1.032,0.115
1676296248,1.029,0.101
1676296248,1.032,0.105
1676296248,1.035,0.109
1676296248,1.033,0.097
1676296248,1.031,0.116
1676296248,1.032,0.103
1676296248,1.032,0.108
1676296248,1.033,0.097
1676296248,1.028,0.104
1676296248,1.033,0.102
1676296248,1.027,0.103
1676296248,1.031,0.106
1676296248,1.033,0.099
1676296248,1.03,0.104
1676296249,1.033,0.104
1676296249,1.029,0.109
1676296249,1.03,0.102
1676296249,1.03,0.098
1676296249,1.03,0.111
1676296249,1.033,0.109
1676296249,1.031,0.108
1676296249,1.032,0.111
1676296249,1.03,0.101
1676296249,1.033,0.106
1676296249,1.032,0.107
1676296249,1.031,0.105
1676296249,1.029,0.099
1676296249,1.03,0.102
1676296249,1.03,0.115
1676296249,1.032,0.101
1676296249,1.03,0.101
1676296249,1.034,0.11
1676296249,1.032,0.113
1676296249,1.03,0.106
1676296250,1.03,0.096
1676296250,1.034,0.107
1676296250,1.034,0.102
1676296250,1.031,0.103
1676296250,1.033,0.107
1676296250,1.03,0.109
1676296250,1.031,0.113
1676296250,1.027,0.103
1676296250,1.034,0.099
1676296250,1.03,0.107
1676296250,1.034,0.111
1676296250,1.032,0.11
1676296250,1.033,0.097
1676296250,1.033,0.108
1676296250,1.03,0.097
1676296250,1.029,0.106
1676296250,1.031,0.113
1676296250,1.035,0.107
1676296250,1.029,0.108
1676296250,1.029,0.108
1676296251,1.033,0.101
1676296251,1.031,0.102
1676296251,1.029,0.106
1676296251,1.028,0.101
1676296251,1.03,0.112
1676296251,1.032,0.116
1676296251,1.029,0.107
1676296251,1.033,0.114
1676296251,1.034,0.105
1676296251,1.03,0.11
1676296251,1.032,0.107
1676296251,1.031,0.102
1676296251,1.033,0.121
1676296251,1.036,0.107
1676296251,1.029,0.103
1676296251,1.03,0.101
1676296251,1.028,0.103
1676296251,1.03,0.104
1676296251,1.033,0.104
1676296251,1.033,0.111
1676296252,1.034,0.106
1676296252,1.031,0.107
1676296252,1.033,0.105
1676296252,1.034,0.108
1676296252,1.031,0.103
1676296252,1.033,0.103
1676296252,1.032,0.106
1676296252,1.033,0.105
1676296252,1.031,0.103
1676296252,1.032,0.107
1676296252,1.029,0.107
1676296252,1.029,0.11
1676296252,1.034,0.114
1676296252,1.03,0.111
1676296252,1.033,0.1
1676296252,1.03,0.1
1676296252,1.034,0.107
1676296252,1.031,0.105
1676296252,1.034,0.109
1676296252,1.033,0.109
1676296253,1.031,0.102
1676296253,1.031,0.104
1676296253,1.03,0.111
1676296253,1.032,0.108
1676296253,1.033,0.108
1676296253,1.03,0.106
1676296253,1.03,0.104
1676296253,1.031,0.104
1676296253,1.031,0.105
1676296253,1.031,0.109
1676296253,1.032,0.107
1676296253,1.032,0.103
1676296253,1.031,0.104
1676296253,1.031,0.117
1676296253,1.033,0.114
1676296253,1.029,0.113
1676296253,1.031,0.109
1676296253,1.031,0.103
1676296253,1.032,0.101
1676296253,1.03,0.107
1676296254,1.031,0.104
1676296254,1.029,0.12
1676296254,1.034,0.105
1676296254,1.033,0.098
1676296254,1.033,0.107
1676296254,1.031,0.11
1676296254,1.036,0.102
1676296254,1.027,0.105
1676296254,1.03,0.102
1676296254,1.033,0.111
1676296254,1.03,0.108
1676296254,1.035,0.108
1676296254,1.033,0.105
1676296254,1.031,0.107
1676296254,1.03,0.107
1676296254,1.029,0.106
1676296254,1.032,0.123
1676296254,1.032,0.107
1676296254,1.032,0.102
1676296254,1.032,0.112
1676296255,1.032,0.103
1676296255,1.03,0.106
1676296255,1.032,0.102
1676296255,1.03,0.1
1676296255,1.031,0.109
1676296255,1.034,0.097
1676296255,1.031,0.098
1676296255,1.031,0.106
1676296255,1.028,0.107
1676296255,1.031,0.105
1676296255,1.032,0.108
1676296255,1.031,0.1
1676296255,1.03,0.106
1676296255,1.032,0.099
1676296255,1.028,0.11
1676296255,1.032,0.104
1676296255,1.032,0.104
1676296255,1.03,0.102
1676296255,1.033,0.105
1676296255,1.032,0.106
1676296256,1.032,0.112
1676296256,1.032,0.107
1676296256,1.031,0.108
1676296256,1.034,0.106
1676296256,1.029,0.115
1676296256,1.033,0.108
1676296256,1.031,0.108
1676296256,1.033,0.099
1676296256,1.031,0.101
1676296256,1.032,0.105
1676296256,1.032,0.107
1676296256,1.027,0.104
1676296256,1.031,0.107
1676296256,1.032,0.109
1676296256,1.033,0.11
1676296256,1.032,0.116
1676296256,1.035,0.109
1676296256,1.03,0.105
1676296256,1.028,0.108
1676296256,1.032,0.102
1676296257,1.029,0.101
1676296257,1.032,0.103
1676296257,1.03,0.102
1676296257,1.029,0.104
1676296257,1.031,0.112
1676296257,1.031,0.105
1676296257,1.033,0.1
1676296257,1.033,0.112
1676296257,1.031,0.099
1676296257,1.03,0.105
1676296257,1.03,0.104
1676296257,1.028,0.095
1676296257,1.033,0.108
1676296257,1.031,0.103
1676296257,1.028,0.111
1676296257,1.03,0.105
1676296257,1.035,0.102
1676296257,1.031,0.105
1676296257,1.03,0.1
1676296257,1.031,0.108
1676296258,1.028,0.107
1676296258,1.029,0.109
1676296258,1.033,0.103
1676296258,1.031,0.104
1676296258,1.03,0.113
1676296258,1.034,0.098
1676296258,1.032,0.108
1676296258,1.033,0.11
1676296258,1.033,0.105
1676296258,1.03,0.098
1676296258,1.032,0.101
1676296258,1.032,0.098
1676296258,1.031,0.099
1676296258,1.03,0.11
1676296258,1.031,0.103
1676296258,1.028,0.102
1676296258,1.029,0.106
1676296258,1.033,0.105
1676296258,1.032,0.109
1676296258,1.03,0.104
1676296259,1.03,0.101
1676296259,1.032,0.099
1676296259,1.028,0.114
1676296259,1.031,0.101
1676296259,1.032,0.118
1676296259,1.032,0.093
1676296259,1.032,0.097
1676296259,1.031,0.107
1676296259,1.035,0.106
1676296259,1.032,0.106
1676296259,1.032,0.104
1676296259,1.032,0.105
1676296259,1.033,0.106
1676296259,1.031,0.105
1676296259,1.028,0.106
1676296259,1.029,0.094
1676296259,1.033,0.106
1676296259,1.032,0.101
1676296259,1.03,0.115
1676296259,1.032,0.101
1676296260,1.03,0.099
1676296260,1.031,0.115
1676296260,1.03,0.105
1676296260,1.03,0.094
1676296260,1.03,0.11
1676296260,1.035,0.101
1676296260,1.032,0.102
1676296260,1.03,0.103
1676296260,1.028,0.102
1676296260,1.031,0.1
1676296260,1.03,0.108
1676296260,1.032,0.104
1676296260,1.03,0.102
1676296260,1.029,0.111
1676296260,1.029,0.107
1676296260,1.029,0.109
1676296260,1.026,0.115
1676296260,1.032,0.099
1676296260,1.03,0.11
1676296260,1.032,0.108
1676296261,1.03,0.098
1676296261,1.031,0.103
1676296261,1.03,0.108
1676296261,1.032,0.11
1676296261,1.027,0.1
1676296261,1.031,0.108
1676296261,1.032,0.109
1676296261,1.033,0.109
1676296261,1.03,0.102
1676296261,1.035,0.109
1676296261,1.03,0.103
1676296261,1.03,0.105
1676296261,1.032,0.104
1676296261,1.034,0.107
1676296261,1.033,0.099
1676296261,1.032,0.103
1676296261,1.03,0.101
1676296261,1.026,0.097
1676296261,1.028,0.105
1676296261,1.032,0.098
1676296262,1.031,0.113
1676296262,1.031,0.107
1676296262,1.031,0.111
1676296262,1.031,0.114
1676296262,1.035,0.1
1676296262,1.03,0.105
1676296262,1.032,0.116
1676296262,1.031,0.111
1676296262,1.031,0.1
1676296262,1.032,0.101
1676296262,1.031,0.113
1676296262,1.03,0.102
1676296262,1.03,0.104
1676296262,1.031,0.099
1676296262,1.03,0.105
1676296262,1.029,0.111
1676296262,1.032,0.111
1676296262,1.032,0.095
1676296262,1.029,0.104
1676296262,1.033,0.105
1676296263,1.032,0.101
1676296263,1.027,0.105
1676296263,1.029,0.106
1676296263,1.03,0.097
1676296263,1.027,0.1
1676296263,1.032,0.109
1676296263,1.035,0.101
1676296263,1.032,0.1
1676296263,1.032,0.112
1676296263,1.033,0.104
1676296263,1.032,0.098
1676296263,1.029,0.102
1676296263,1.03,0.104
1676296263,1.029,0.106
1676296263,1.031,0.114
1676296263,1.032,0.107
1676296263,1.031,0.112
1676296263,1.031,0.109
1676296263,1.032,0.11
1676296263,1.031,0.109
1676296264,1.032,0.109
1676296264,1.029,0.106
1676296264,1.029,0.103
1676296264,1.029,0.109
1676296264,1.032,0.102
1676296264,1.029,0.108
1676296264,1.032,0.108
1676296264,1.031,0.106
1676296264,1.032,0.103
1676296264,1.031,0.104
1676296264,1.029,0.1
1676296264,1.031,0.103
1676296264,1.032,0.095
1676296264,1.032,0.102
1676296264,1.028,0.108
1676296264,1.028,0.111
1676296264,1.031,0.108
1676296264,1.031,0.103
1676296264,1.032,0.108
1676296264,1.029,0.101
1676296265,1.03,0.101
1676296265,1.032,0.108
1676296265,1.028,0.102
1676296265,1.027,0.112
1676296265,1.031,0.111
1676296265,1.03,0.105
1676296265,1.032,0.109
1676296265,1.029,0.104
1676296265,1.029,0.106
1676296265,1.031,0.097
1676296265,1.031,0.109
1676296265,1.032,0.104
1676296265,1.032,0.105
1676296265,1.032,0.109
1676296265,1.042,0.1
1676296265,1.032,0.108
1676296265,1.032,0.115
1676296265,1.03,0.102
1676296265,1.03,0.102
1676296265,1.033,0.108
1676296266,1.03,0.107
1676296266,1.028,0.105
1676296266,1.033,0.096
1676296266,1.032,0.103
1676296266,1.027,0.111
1676296266,1.031,0.103
1676296266,1.029,0.097
1676296266,1.034,0.111
1676296266,1.033,0.112
1676296266,1.03,0.112
1676296266,1.032,0.108
1676296266,1.03,0.101
1676296266,1.033,0.097
1676296266,1.032,0.103
1676296266,1.03,0.105
1676296266,1.032,0.113
1676296266,1.029,0.107
1676296266,1.031,0.105
1676296266,1.034,0.107
1676296266,1.033,0.107
1676296267,1.031,0.101
1676296267,1.031,0.112
1676296267,1.032,0.112
1676296267,1.029,0.108
1676296267,1.032,0.113
1676296267,1.033,0.106
1676296267,1.029,0.105
1676296267,1.032,0.101
1676296267,1.031,0.101
1676296267,1.032,0.112
1676296267,1.029,0.106
1676296267,1.032,0.104
1676296267,1.03,0.109
1676296267,1.029,0.105
1676296267,1.028,0.103
1676296267,1.026,0.107
1676296267,1.032,0.102
1676296267,1.031,0.111
1676296267,1.03,0.097
1676296267,1.031,0.101
1676296268,1.034,0.108
1676296268,1.027,0.109
1676296268,1.031,0.105
1676296268,1.033,0.099
1676296268,1.032,0.102
1676296268,1.031,0.098
1676296268,1.032,0.112
1676296268,1.031,0.114
1676296268,1.031,0.105
1676296268,1.032,0.109
1676296268,1.03,0.106
1676296268,1.031,0.109
1676296268,1.031,0.111
1676296268,1.031,0.105
1676296268,1.03,0.099
1676296268,1.034,0.113
1676296268,1.028,0.102
1676296268,1.03,0.103
1676296268,1.031,0.105
1676296268,1.031,0.11
1676296269,1.03,0.105
1676296269,1.032,0.104
1676296269,1.032,0.108
1676296269,1.029,0.101
1676296269,1.027,0.1
1676296269,1.031,0.103
1676296269,1.033,0.112
1676296269,1.032,0.104
1676296269,1.029,0.115
1676296269,1.031,0.102
1676296269,1.029,0.105
1676296269,1.029,0.101
1676296269,1.032,0.104
1676296269,1.032,0.097
1676296269,1.032,0.113
1676296269,1.03,0.104
1676296269,1.037,0.086
1676296269,1.034,0.107
1676296269,1.032,0.104
1676296269,1.033,0.108
1676296270,1.031,0.1
1676296270,1.029,0.098
1676296270,1.03,0.103
1676296270,1.032,0.105
1676296270,1.03,0.11
1676296270,1.031,0.104
1676296270,1.033,0.101
1676296270,1.03,0.112
1676296270,1.03,0.105
1676296270,1.031,0.114
1676296270,1.024,0.112
1676296270,1.028,0.109
1676296270,1.027,0.108
1676296270,1.029,0.108
1676296270,1.029,0.109
1676296270,1.032,0.102
1676296270,1.03,0.119
1676296270,1.031,0.116
1676296270,1.027,0.107
1676296270,1.03,0.106
1676296271,1.03,0.102
1676296271,1.032,0.109
1676296271,1.028,0.098
1676296271,1.032,0.097
1676296271,1.03,0.112
1676296271,1.029,0.102
1676296271,1.03,0.108
1676296271,1.03,0.11
1676296271,1.034,0.105
1676296271,1.032,0.103
1676296271,1.034,0.112
1676296271,1.034,0.105
1676296271,1.029,0.111
1676296271,1.029,0.113
1676296271,1.03,0.108
1676296271,1.03,0.103
1676296271,1.029,0.111
1676296271,1.031,0.109
1676296271,1.033,0.109
1676296271,1.029,0.099
1676296272,1.03,0.104
1676296272,1.032,0.103
1676296272,1.029,0.106
1676296272,1.03,0.107
1676296272,1.03,0.112
1676296272,1.032,0.105
1676296272,1.031,0.108
1676296272,1.03,0.115
1676296272,1.031,0.109
1676296272,1.031,0.108
1676296272,1.03,0.102
1676296272,1.029,0.112
1676296272,1.031,0.108
1676296272,1.029,0.097
1676296272,1.028,0.102
1676296272,1.031,0.102
1676296272,1.032,0.109
1676296272,1.032,0.102
1676296272,1.032,0.1
1676296272,1.031,0.101
1676296273,1.03,0.105
1676296273,1.03,0.096
1676296273,1.029,0.101
1676296273,1.028,0.105
1676296273,1.029,0.106
1676296273,1.028,0.109
1676296273,1.033,0.109
1676296273,1.031,0.108
1676296273,1.032,0.113
1676296273,1.029,0.102
1676296273,1.029,0.108
1676296273,1.03,0.101
1676296273,1.028,0.106
1676296273,1.03,0.114
1676296273,1.034,0.108
1676296273,1.028,0.106
1676296273,1.03,0.106
1676296273,1.029,0.108
1676296273,1.03,0.106
1676296273,1.029,0.104
1676296274,1.031,0.107
1676296274,1.029,0.108
1676296274,1.031,0.107
1676296274,1.033,0.107
1676296274,1.028,0.105
1676296274,1.029,0.106
1676296274,1.027,0.103
1676296274,1.028,0.107
1676296274,1.033,0.103
1676296274,1.026,0.096
1676296274,1.029,0.114
1676296274,1.03,0.106
1676296274,1.031,0.103
1676296274,1.029,0.098
1676296274,1.032,0.099
1676296274,1.028,0.101
1676296274,1.029,0.098
1676296274,1.03,0.103
1676296274,1.032,0.105
1676296274,1.03,0.111
1676296275,1.032,0.111
1676296275,1.03,0.111
1676296275,1.028,0.115
1676296275,1.03,0.113
1676296275,1.029,0.106
1676296275,1.03,0.107
1676296275,1.033,0.111
1676296275,1.033,0.11
1676296275,1.034,0.107
1676296275,1.031,0.103
1676296275,1.031,0.105
1676296275,1.029,0.114
1676296275,1.031,0.107
1676296275,1.03,0.1
1676296275,1.03,0.102
1676296275,1.027,0.1
1676296275,1.03,0.114
1676296275,1.028,0.104
1676296275,1.03,0.107
1676296275,1.03,0.102
1676296276,1.033,0.106
1676296276,1.032,0.095
1676296276,1.031,0.102
1676296276,1.03,0.1
1676296276,1.031,0.101
1676296276,1.03,0.112
1676296276,1.03,0.107
1676296276,1.028,0.107
1676296276,1.03,0.112
1676296276,1.028,0.105
1676296276,1.032,0.096
1676296276,1.034,0.105
1676296276,1.029,0.095
1676296276,1.027,0.114
1676296276,1.029,0.106
1676296276,1.032,0.104
1676296276,1.027,0.105
1676296276,1.027,0.108
1676296276,1.028,0.1
1676296276,1.029,0.112
1676296277,1.029,0.103
1676296277,1.032,0.105
1676296277,1.032,0.114
1676296277,1.029,0.11
1676296277,1.03,0.098
1676296277,1.028,0.11
1676296277,1.03,0.102
1676296277,1.031,0.105
1676296277,1.031,0.109
1676296277,1.027,0.108
1676296277,1.027,0.104
1676296277,1.031,0.101
1676296277,1.031,0.114
1676296277,1.027,0.106
1676296277,1.031,0.105
1676296277,1.03,0.105
1676296277,1.029,0.105
1676296277,1.028,0.112
1676296277,1.027,0.104
1676296277,1.027,0.112
1676296278,1.027,0.114
1676296278,1.029,0.106
1676296278,1.026,0.103
1676296278,1.031,0.107
1676296278,1.032,0.102
1676296278,1.032,0.106
1676296278,1.029,0.095
1676296278,1.028,0.109
1676296278,1.029,0.102
1676296278,1.027,0.111
1676296278,1.031,0.109
1676296278,1.032,0.099
1676296278,1.028,0.102
1676296278,1.029,0.114
1676296278,1.028,0.099
1676296278,1.032,0.099
1676296278,1.029,0.104
1676296278,1.032,0.107
1676296278,1.03,0.112
1676296278,1.03,0.108
1676296279,1.031,0.116
1676296279,1.026,0.11
1676296279,1.029,0.111
1676296279,1.026,0.106
1676296279,1.029,0.105
1676296279,1.028,0.118
1676296279,1.032,0.099
1676296279,1.03,0.106
1676296279,1.029,0.106
1676296279,1.03,0.102
1676296279,1.031,0.11
1676296279,1.029,0.108
1676296279,1.031,0.105
1676296279,1.029,0.117
1676296279,1.032,0.105
1676296279,1.031,0.1
1676296279,1.031,0.1
1676296279,1.03,0.113
1676296279,1.029,0.114
1676296279,1.028,0.109
1676296280,1.03,0.102
1676296280,1.03,0.106
1676296280,1.031,0.109
1676296280,1.031,0.11
1676296280,1.029,0.105
1676296280,1.03,0.101
1676296280,1.029,0.096
1676296280,1.031,0.099
1676296280,1.03,0.104
1676296280,1.027,0.101
1676296280,1.028,0.11
1676296280,1.034,0.1
1676296280,1.031,0.102
1676296280,1.033,0.101
1676296280,1.029,0.105
1676296280,1.028,0.112
1676296280,1.027,0.096
1676296280,1.033,0.102
1676296280,1.027,0.11
1676296280,1.029,0.108
1676296281,1.031,0.108
1676296281,1.03,0.098
1676296281,1.029,0.119
1676296281,1.031,0.11
1676296281,1.032,0.109
1676296281,1.032,0.106
1676296281,1.028,0.107
1676296281,1.031,0.105
1676296281,1.033,0.106
1676296281,1.031,0.098
1676296281,1.03,0.107
1676296281,1.027,0.101
1676296281,1.029,0.106
1676296281,1.031,0.105
1676296281,1.03,0.106
1676296281,1.03,0.114
1676296281,1.03,0.104
1676296281,1.033,0.106
1676296281,1.028,0.103
1676296281,1.03,0.102
1676296282,1.03,0.109
1676296282,1.03,0.112
1676296282,1.029,0.107
1676296282,1.031,0.101
1676296282,1.03,0.105
1676296282,1.032,0.104
1676296282,1.029,0.104
1676296282,1.031,0.106
1676296282,1.028,0.101
1676296282,1.029,0.104
1676296282,1.028,0.106
1676296282,1.032,0.111
1676296282,1.028,0.106
1676296282,1.03,0.109
1676296282,1.026,0.099
1676296282,1.031,0.112
1676296282,1.031,0.106
1676296282,1.028,0.102
1676296282,1.03,0.106
1676296282,1.029,0.102
1676296283,1.03,0.106
1676296283,1.032,0.106
1676296283,1.03,0.101
1676296283,1.029,0.105
1676296283,1.032,0.105
1676296283,1.028,0.111
1676296283,1.031,0.113
1676296283,1.03,0.106
1676296283,1.031,0.108
1676296283,1.026,0.109
1676296283,1.025,0.11
1676296283,1.027,0.11
1676296283,1.034,0.107
1676296283,1.035,0.103
1676296283,1.031,0.105
1676296283,1.029,0.104
1676296283,1.026,0.114
1676296283,1.027,0.112
1676296283,1.03,0.107
1676296283,1.029,0.106
1676296284,1.03,0.12
1676296284,1.032,0.104
1676296284,1.032,0.109
1676296284,1.03,0.109
1676296284,1.031,0.109
1676296284,1.028,0.101
1676296284,1.028,0.1
1676296284,1.03,0.105
1676296284,1.03,0.107
1676296284,1.032,0.103
1676296284,1.029,0.106
1676296284,1.033,0.108
1676296284,1.029,0.112
1676296284,1.03,0.108
1676296284,1.03,0.109
1676296284,1.029,0.114
1676296284,1.025,0.109
1676296284,1.031,0.102
1676296284,1.034,0.105
1676296284,1.033,0.105
1676296285,1.028,0.111
1676296285,1.028,0.102
1676296285,1.031,0.112
1676296285,1.028,0.106
1676296285,1.025,0.112
1676296285,1.027,0.107
1676296285,1.031,0.111
1676296285,1.031,0.11
1676296285,1.029,0.107
1676296285,1.031,0.109
1676296285,1.027,0.093
1676296285,1.03,0.111
1676296285,1.03,0.112
1676296285,1.034,0.095
1676296285,1.03,0.107
1676296285,1.03,0.106
1676296285,1.031,0.11
1676296285,1.03,0.099
1676296285,1.031,0.104
1676296285,1.028,0.106
1676296286,1.03,0.109
1676296286,1.03,0.104
1676296286,1.033,0.107
1676296286,1.029,0.109
1676296286,1.029,0.101
1676296286,1.03,0.103
1676296286,1.029,0.101
1676296286,1.031,0.114
1676296286,1.03,0.109
1676296286,1.029,0.1
1676296286,1.027,0.104
1676296286,1.028,0.114
1676296286,1.028,0.112
1676296286,1.027,0.108
1676296286,1.028,0.105
1676296286,1.027,0.104
1676296286,1.031,0.1
1676296286,1.029,0.107
1676296286,1.028,0.104
1676296286,1.028,0.104
1676296287,1.029,0.102
1676296287,1.03,0.111
1676296287,1.031,0.103
1676296287,1.03,0.105
1676296287,1.03,0.105
1676296287,1.029,0.103
1676296287,1.029,0.105
1676296287,1.031,0.107
1676296287,1.029,0.107
1676296287,1.029,0.108
1676296287,1.031,0.104
1676296287,1.03,0.109
1676296287,1.031,0.106
1676296287,1.031,0.105
1676296287,1.03,0.101
1676296287,1.026,0.103
1676296287,1.028,0.099
1676296287,1.031,0.111
1676296287,1.029,0.114
1676296287,1.032,0.109
1676296288,1.029,0.108
1676296288,1.03,0.106
1676296288,1.028,0.111
1676296288,1.029,0.105
1676296288,1.027,0.106
1676296288,1.029,0.112
1676296288,1.028,0.109
1676296288,1.031,0.097
1676296288,1.028,0.107
1676296288,1.031,0.107
1676296288,1.029,0.107
1676296288,1.031,0.104
1676296288,1.031,0.106
1676296288,1.032,0.109
1676296288,1.031,0.113
1676296288,1.031,0.098
1676296288,1.029,0.103
1676296288,1.028,0.112
1676296288,1.03,0.109
1676296288,1.033,0.109
1676296289,1.031,0.101
1676296289,1.029,0.102
1676296289,1.029,0.103
1676296289,1.028,0.112
1676296289,1.028,0.116
1676296289,1.03,0.106
1676296289,1.029,0.106
1676296289,1.032,0.116
1676296289,1.032,0.106
1676296289,1.028,0.099
1676296289,1.029,0.103
1676296289,1.029,0.1
1676296289,1.032,0.097
1676296289,1.029,0.102
1676296289,1.026,0.112
1676296289,1.028,0.11
1676296289,1.029,0.108
1676296289,1.028,0.115
1676296289,1.03,0.105
1676296289,1.031,0.104
1676296290,1.029,0.104
1676296290,1.029,0.105
1676296290,1.031,0.108
1676296290,1.032,0.101
1676296290,1.03,0.107
1676296290,1.029,0.104
1676296290,1.032,0.108
1676296290,1.028,0.113
1676296290,1.03,0.103
1676296290,1.031,0.104
1676296290,1.03,0.109
1676296290,1.031,0.113
1676296290,1.028,0.105
1676296290,1.028,0.1
1676296290,1.028,0.106
1676296290,1.026,0.106
1676296290,1.027,0.104
1676296290,1.033,0.112
1676296290,1.03,0.104
1676296290,1.03,0.105
1676296291,1.03,0.103
1676296291,1.032,0.101
1676296291,1.032,0.113
1676296291,1.031,0.1
1676296291,1.03,0.106
1676296291,1.03,0.109
1676296291,1.033,0.102
1676296291,1.028,0.105
1676296291,1.029,0.106
1676296291,1.029,0.106
1676296291,1.027,0.109
1676296291,1.03,0.11
1676296291,1.031,0.11
1676296291,1.029,0.098
1676296291,1.028,0.114
1676296291,1.03,0.108
1676296291,1.03,0.106
1676296291,1.029,0.102
1676296291,1.027,0.105
1676296291,1.032,0.105
1676296292,1.029,0.104
1676296292,1.031,0.107
1676296292,1.028,0.106
1676296292,1.03,0.112
1676296292,1.028,0.109
1676296292,1.028,0.111
1676296292,1.034,0.111
1676296292,1.031,0.11
1676296292,1.032,0.109
1676296292,1.03,0.108
1676296292,1.029,0.11
1676296292,1.031,0.108
1676296292,1.031,0.099
1676296292,1.031,0.107
1676296292,1.032,0.106
1676296292,1.03,0.105
1676296292,1.029,0.101
1676296292,1.032,0.108
1676296292,1.033,0.109
1676296292,1.032,0.104
1676296293,1.032,0.104
1676296293,1.028,0.11
1676296293,1.032,0.095
1676296293,1.031,0.102
1676296293,1.034,0.105
1676296293,1.032,0.103
1676296293,1.028,0.104
1676296293,1.031,0.108
1676296293,1.031,0.109
1676296293,1.03,0.105
1676296293,1.031,0.115
1676296293,1.032,0.105
1676296293,1.028,0.104
1676296293,1.033,0.103
1676296293,1.03,0.104
1676296293,1.033,0.111
1676296293,1.03,0.11
1676296293,1.033,0.1
1676296293,1.033,0.105
1676296293,1.027,0.101
1676296294,1.03,0.11
1676296294,1.029,0.112
1676296294,1.031,0.104
1676296294,1.03,0.105
1676296294,1.028,0.1
1676296294,1.031,0.108
1676296294,1.033,0.108
1676296294,1.028,0.107
1676296294,1.03,0.11
1676296294,1.029,0.106
1676296294,1.028,0.106
1676296294,1.029,0.102
1676296294,1.031,0.113
1676296294,1.029,0.112
1676296294,1.03,0.108
1676296294,1.03,0.107
1676296294,1.03,0.098
1676296294,1.028,0.109
1676296294,1.027,0.103
1676296294,1.028,0.101
1676296295,1.03,0.107
1676296295,1.032,0.115
1676296295,1.032,0.107
1676296295,1.027,0.104
1676296295,1.029,0.108
1676296295,1.031,0.111
1676296295,1.028,0.096
1676296295,1.029,0.097
1676296295,1.03,0.102
1676296295,1.031,0.103
1676296295,1.03,0.106
1676296295,1.034,0.111
1676296295,1.029,0.105
1676296295,1.024,0.105
1676296295,1.029,0.11
1676296295,1.029,0.097
1676296295,1.03,0.101
1676296295,1.025,0.106
1676296295,1.028,0.109
1676296295,1.027,0.103
1676296296,1.031,0.107
1676296296,1.031,0.1
1676296296,1.026,0.112
1676296296,1.032,0.111
1676296296,1.029,0.106
1676296296,1.028,0.101
1676296296,1.031,0.108
1676296296,1.031,0.103
1676296296,1.029,0.108
1676296296,1.03,0.106
1676296296,1.034,0.105
1676296296,1.027,0.119
1676296296,1.028,0.101
1676296296,1.027,0.117
1676296296,1.029,0.104
1676296296,1.029,0.112
1676296296,1.028,0.106
1676296296,1.031,0.102
1676296296,1.028,0.108
1676296296,1.027,0.106
1676296297,1.029,0.105
1676296297,1.034,0.106
1676296297,1.027,0.112
1676296297,1.029,0.104
1676296297,1.029,0.109
1676296297,1.029,0.106
1676296297,1.027,0.098
1676296297,1.026,0.109
1676296297,1.029,0.111
1676296297,1.028,0.105
1676296297,1.03,0.105
1676296297,1.027,0.113
1676296297,1.029,0.106
1676296297,1.03,0.109
1676296297,1.033,0.127
1676296297,1.028,0.104
1676296297,1.027,0.109
1676296297,1.028,0.105
1676296297,1.03,0.122
1676296297,1.029,0.107
1676296298,1.028,0.107
1676296298,1.026,0.1
1676296298,1.031,0.105
1676296298,1.029,0.1
1676296298,1.031,0.103
1676296298,1.028,0.105
1676296298,1.028,0.109
1676296298,1.027,0.105
1676296298,1.029,0.093
1676296298,1.03,0.105
1676296298,1.033,0.11
1676296298,1.028,0.109
1676296298,1.03,0.1
1676296298,1.03,0.112
1676296298,1.031,0.111
1676296298,1.029,0.107
1676296298,1.032,0.105
1676296298,1.028,0.104
1676296298,1.032,0.115
1676296298,1.029,0.099
1676296299,1.027,0.109
1676296299,1.027,0.1
1676296299,1.028,0.105
1676296299,1.031,0.105
1676296299,1.029,0.105
1676296299,1.034,0.106
1676296299,1.029,0.109
1676296299,1.031,0.105
1676296299,1.03,0.102
1676296299,1.027,0.112
1676296299,1.03,0.108
1676296299,1.032,0.11
1676296299,1.032,0.098
1676296299,1.031,0.106
1676296299,1.03,0.101
1676296299,1.028,0.102
1676296299,1.034,0.106
1676296299,1.028,0.108
1676296299,1.03,0.109
1676296299,1.031,0.103
1676296300,1.031,0.106
1676296300,1.029,0.109
1676296300,1.031,0.107
1676296300,1.028,0.112
1676296300,1.028,0.101
1676296300,1.031,0.105
1676296300,1.03,0.109
1676296300,1.031,0.103
1676296300,1.03,0.104
1676296300,1.031,0.104
1676296300,1.032,0.118
1676296300,1.026,0.103
1676296300,1.029,0.1
1676296300,1.029,0.112
1676296300,1.028,0.106
1676296300,1.028,0.114
1676296300,1.03,0.113
1676296300,1.028,0.11
1676296300,1.029,0.097
1676296300,1.027,0.103
1676296301,1.028,0.104
1676296301,1.029,0.1
1676296301,1.031,0.104
1676296301,1.028,0.099
1676296301,1.028,0.106
1676296301,1.028,0.101
1676296301,1.026,0.107
1676296301,1.028,0.11
1676296301,1.028,0.106
1676296301,1.028,0.102
1676296301,1.028,0.102
1676296301,1.031,0.106
1676296301,1.029,0.1
1676296301,1.027,0.107
1676296301,1.028,0.105
1676296301,1.026,0.107
1676296301,1.028,0.078
1676296301,1.031,0.099
1676296301,1.027,0.104
1676296301,1.03,0.102
1676296302,1.027,0.109
1676296302,1.027,0.104
1676296302,1.026,0.107
1676296302,1.029,0.107
1676296302,1.031,0.097
1676296302,1.03,0.108
1676296302,1.027,0.108
1676296302,1.029,0.102
1676296302,1.028,0.1
1676296302,1.031,0.102
1676296302,1.031,0.107
1676296302,1.03,0.101
1676296302,1.031,0.107
1676296302,1.029,0.108
1676296302,1.028,0.104
1676296302,1.027,0.105
1676296302,1.025,0.102
1676296302,1.03,0.103
1676296302,1.027,0.106
1676296302,1.028,0.112
1676296303,1.029,0.11
1676296303,1.027,0.107
1676296303,1.027,0.099
1676296303,1.027,0.097
1676296303,1.028,0.103
1676296303,1.029,0.109
1676296303,1.03,0.108
1676296303,1.03,0.111
1676296303,1.03,0.101
1676296303,1.027,0.105
1676296303,1.029,0.098
1676296303,1.028,0.105
1676296303,1.034,0.104
1676296303,1.028,0.107
1676296303,1.028,0.102
1676296303,1.03,0.107
1676296303,1.028,0.108
1676296303,1.031,0.108
1676296303,1.027,0.109
1676296303,1.027,0.099
1676296304,1.03,0.1
1676296304,1.029,0.106
1676296304,1.03,0.101
1676296304,1.031,0.108
1676296304,1.033,0.103
1676296304,1.03,0.104
1676296304,1.029,0.108
1676296304,1.031,0.112
1676296304,1.032,0.103
1676296304,1.032,0.107
1676296304,1.027,0.106
1676296304,1.031,0.101
1676296304,1.027,0.098
1676296304,1.028,0.097
1676296304,1.028,0.103
1676296304,1.028,0.103
1676296304,1.026,0.105
1676296304,1.031,0.099
1676296304,1.028,0.101
1676296304,1.027,0.105
1676296305,1.029,0.093
1676296305,1.027,0.104
1676296305,1.029,0.107
1676296305,1.03,0.103
1676296305,1.026,0.102
1676296305,1.031,0.106
1676296305,1.026,0.109
1676296305,1.028,0.108
1676296305,1.032,0.111
1676296305,1.029,0.115
1676296305,1.028,0.101
1676296305,1.029,0.101
1676296305,1.028,0.109
1676296305,1.03,0.107
1676296305,1.031,0.106
1676296305,1.028,0.102
1676296305,1.028,0.098
1676296305,1.03,0.113
1676296305,1.028,0.105
1676296305,1.03,0.108
1676296306,1.029,0.096
1676296306,1.029,0.099
1676296306,1.029,0.107
1676296306,1.03,0.106
1676296306,1.032,0.103
1676296306,1.029,0.108
1676296306,1.029,0.115
1676296306,1.03,0.103
1676296306,1.03,0.103
1676296306,1.033,0.111
1676296306,1.029,0.099
1676296306,1.029,0.119
1676296306,1.035,0.108
1676296306,1.035,0.092
1676296306,1.029,0.115
1676296306,1.031,0.111
1676296306,1.027,0.093
1676296306,1.031,0.097
1676296306,1.029,0.11
1676296306,1.03,0.106
1676296307,1.029,0.114
1676296307,1.027,0.11
1676296307,1.027,0.103
1676296307,1.029,0.104
1676296307,1.028,0.104
1676296307,1.025,0.1
1676296307,1.027,0.106
1676296307,1.027,0.104
1676296307,1.028,0.105
1676296307,1.028,0.11
1676296307,1.03,0.103
1676296307,1.03,0.105
1676296307,1.031,0.097
1676296307,1.031,0.104
1676296307,1.029,0.112
1676296307,1.029,0.106
1676296307,1.028,0.102
1676296307,1.029,0.098
1676296307,1.029,0.102
1676296307,1.03,0.106
1676296308,1.029,0.105
1676296308,1.029,0.099
1676296308,1.032,0.098
1676296308,1.028,0.102
1676296308,1.027,0.101
1676296308,1.031,0.117
1676296308,1.027,0.102
1676296308,1.028,0.105
1676296308,1.033,0.112
1676296308,1.028,0.109
1676296308,1.025,0.105
1676296308,1.029,0.1
1676296308,1.03,0.095
1676296308,1.027,0.096
1676296308,1.033,0.117
1676296308,1.025,0.109
1676296308,1.026,0.1
1676296308,1.03,0.105
1676296308,1.028,0.106
1676296308,1.026,0.101
1676296309,1.03,0.103
1676296309,1.029,0.097
1676296309,1.028,0.102
1676296309,1.029,0.106
1676296309,1.029,0.101
1676296309,1.029,0.099
1676296309,1.029,0.105
1676296309,1.028,0.107
1676296309,1.03,0.103
1676296309,1.03,0.106
1676296309,1.031,0.101
1676296309,1.031,0.104
1676296309,1.029,0.107
1676296309,1.029,0.102
1676296309,1.03,0.108
1676296309,1.031,0.111
1676296309,1.028,0.106
1676296309,1.028,0.108
1676296309,1.031,0.102
1676296309,1.03,0.103
1676296310,1.029,0.106
1676296310,1.026,0.11
1676296310,1.029,0.107
1676296310,1.027,0.1
1676296310,1.03,0.105
1676296310,1.03,0.11
1676296310,1.027,0.099
1676296310,1.03,0.1
1676296310,1.03,0.106
1676296310,1.027,0.105
1676296310,1.03,0.103
1676296310,1.027,0.108
1676296310,1.028,0.11
1676296310,1.03,0.104
1676296310,1.033,0.101
1676296310,1.035,0.104
1676296310,1.032,0.095
1676296310,1.031,0.105
1676296310,1.029,0.102
1676296310,1.027,0.1
1676296311,1.032,0.105
1676296311,1.029,0.105
1676296311,1.03,0.106
1676296311,1.03,0.107
1676296311,1.029,0.103
1676296311,1.026,0.109
1676296311,1.026,0.097
1676296311,1.027,0.105
1676296311,1.025,0.107
1676296311,1.027,0.102
1676296311,1.028,0.102
1676296311,1.03,0.106
1676296311,1.03,0.108
1676296311,1.027,0.102
1676296311,1.027,0.101
1676296311,1.027,0.101
1676296311,1.03,0.1
1676296311,1.03,0.097
1676296311,1.029,0.102
1676296311,1.03,0.104
1676296312,1.03,0.108
1676296312,1.028,0.11
1676296312,1.03,0.107
1676296312,1.028,0.099
1676296312,1.03,0.106
1676296312,1.028,0.102
1676296312,1.03,0.104
1676296312,1.027,0.101
1676296312,1.025,0.103
1676296312,1.029,0.104
1676296312,1.031,0.106
1676296312,1.03,0.105
1676296312,1.029,0.105
1676296312,1.029,0.1
1676296312,1.03,0.106
1676296312,1.03,0.101
1676296312,1.031,0.103
1676296312,1.029,0.099
1676296312,1.027,0.099
1676296312,1.03,0.107
1676296313,1.029,0.106
1676296313,1.031,0.108
1676296313,1.03,0.103
1676296313,1.029,0.102
1676296313,1.026,0.1
1676296313,1.03,0.097
1676296313,1.03,0.106
1676296313,1.026,0.104
1676296313,1.03,0.104
1676296313,1.029,0.1
1676296313,1.03,0.104
1676296313,1.029,0.101
1676296313,1.027,0.11
1676296313,1.03,0.102
1676296313,1.03,0.105
1676296313,1.033,0.106
1676296313,1.03,0.112
1676296313,1.03,0.105
1676296313,1.032,0.106
1676296313,1.031,0.104
1676296314,1.032,0.109
1676296314,1.031,0.105
1676296314,1.029,0.106
1676296314,1.032,0.104
1676296314,1.031,0.103
1676296314,1.027,0.103
1676296314,1.027,0.101
1676296314,1.026,0.103
1676296314,1.026,0.103
1676296314,1.027,0.105
1676296314,1.027,0.101
1676296314,1.026,0.102
1676296314,1.032,0.102
1676296314,1.028,0.1
1676296314,1.029,0.106
1676296314,1.03,0.11
1676296314,1.026,0.098
1676296314,1.037,0.078
1676296314,1.029,0.099
1676296314,1.029,0.103
1676296315,1.031,0.098
1676296315,1.029,0.096
1676296315,1.025,0.096
1676296315,1.029,0.102
1676296315,1.032,0.108
1676296315,1.028,0.1
1676296315,1.031,0.111
1676296315,1.029,0.096
1676296315,1.029,0.105
1676296315,1.028,0.102
1676296315,1.026,0.102
1676296315,1.028,0.102
1676296315,1.031,0.098
1676296315,1.029,0.1
1676296315,1.031,0.101
1676296315,1.031,0.099
1676296315,1.029,0.111
1676296315,1.028,0.102
1676296315,1.03,0.104
1676296315,1.03,0.107
1676296316,1.027,0.109
1676296316,1.028,0.109
1676296316,1.028,0.102
1676296316,1.027,0.104
1676296316,1.031,0.109
1676296316,1.029,0.107
1676296316,1.032,0.104
1676296316,1.028,0.101
1676296316,1.027,0.11
1676296316,1.03,0.102
1676296316,1.03,0.1
1676296316,1.029,0.105
1676296316,1.031,0.102
1676296316,1.031,0.098
1676296316,1.028,0.111
1676296316,1.027,0.111
1676296316,1.029,0.098
1676296316,1.029,0.107
1676296316,1.031,0.097
1676296316,1.03,0.104
1676296317,1.028,0.104
1676296317,1.03,0.104
1676296317,1.029,0.102
1676296317,1.03,0.109
1676296317,1.032,0.109
1676296317,1.032,0.1
1676296317,1.03,0.111
1676296317,1.03,0.103
1676296317,1.026,0.103
1676296317,1.028,0.103
1676296317,1.028,0.099
1676296317,1.029,0.105
1676296317,1.032,0.111
1676296317,1.031,0.104
1676296317,1.027,0.103
1676296317,1.028,0.097
1676296317,1.029,0.109
1676296317,1.03,0.106
1676296317,1.03,0.107
1676296317,1.03,0.101
1676296318,1.028,0.105
1676296318,1.03,0.099
1676296318,1.028,0.097
1676296318,1.025,0.1
1676296318,1.032,0.101
1676296318,1.027,0.101
1676296318,1.028,0.104
1676296318,1.029,0.1
1676296318,1.03,0.097
1676296318,1.028,0.106
1676296318,1.029,0.106
1676296318,1.032,0.103
1676296318,1.028,0.101
1676296318,1.029,0.097
1676296318,1.029,0.104
1676296318,1.031,0.103
1676296318,1.026,0.102
1676296318,1.028,0.103
1676296318,1.029,0.102
1676296318,1.03,0.111
1676296319,1.032,0.102
1676296319,1.032,0.102
1676296319,1.027,0.098
1676296319,1.029,0.111
1676296319,1.028,0.104
1676296319,1.029,0.104
1676296319,1.03,0.111
1676296319,1.03,0.101
1676296319,1.031,0.096
1676296319,1.029,0.104
1676296319,1.029,0.101
1676296319,1.031,0.099
1676296319,1.027,0.107
1676296319,1.028,0.101
1676296319,1.031,0.096
1676296319,1.027,0.103
1676296319,1.031,0.114
1676296319,1.032,0.106
1676296319,1.027,0.107
1676296319,1.03,0.103
1676296320,1.031,0.102
1676296320,1.031,0.103
1676296320,1.028,0.105
1676296320,1.031,0.108
1676296320,1.031,0.102
1676296320,1.029,0.105
1676296320,1.029,0.099
1676296320,1.032,0.099
1676296320,1.026,0.097
1676296320,1.03,0.101
1676296320,1.028,0.11
1676296320,1.033,0.111
1676296320,1.027,0.107
1676296320,1.026,0.108
1676296320,1.029,0.107
1676296320,1.029,0.103
1676296320,1.032,0.099
1676296320,1.033,0.106
1676296320,1.031,0.103
1676296320,1.029,0.106
1676296321,1.03,0.106
1676296321,1.031,0.101
1676296321,1.03,0.106
1676296321,1.032,0.099
1676296321,1.032,0.099
1676296321,1.03,0.105
1676296321,1.029,0.107
1676296321,1.028,0.102
1676296321,1.027,0.102
1676296321,1.034,0.106
1676296321,1.03,0.099
1676296321,1.031,0.101
1676296321,1.029,0.101
1676296321,1.034,0.112
1676296321,1.032,0.106
1676296321,1.03,0.107
1676296321,1.028,0.093
1676296321,1.03,0.107
1676296321,1.031,0.103
1676296321,1.031,0.105
1676296322,1.032,0.105
1676296322,1.026,0.104
1676296322,1.032,0.103
1676296322,1.027,0.098
1676296322,1.033,0.111
1676296322,1.032,0.109
1676296322,1.03,0.105
1676296322,1.029,0.103
1676296322,1.029,0.115
1676296322,1.033,0.104
1676296322,1.032,0.1
1676296322,1.031,0.102
1676296322,1.031,0.102
1676296322,1.026,0.098
1676296322,1.028,0.097
1676296322,1.035,0.1
1676296322,1.028,0.111
1676296322,1.03,0.108
1676296322,1.031,0.107
1676296322,1.031,0.102
1676296323,1.029,0.115
1676296323,1.032,0.103
1676296323,1.028,0.106
1676296323,1.028,0.103
1676296323,1.028,0.109
1676296323,1.03,0.105
1676296323,1.03,0.108
1676296323,1.031,0.104
1676296323,1.029,0.103
1676296323,1.029,0.103
1676296323,1.027,0.098
1676296323,1.031,0.106
1676296323,1.03,0.094
1676296323,1.026,0.104
1676296323,1.032,0.095
1676296323,1.03,0.112
1676296323,1.025,0.098
1676296323,1.032,0.095
1676296323,1.029,0.104
1676296323,1.029,0.108
1676296324,1.029,0.108
1676296324,1.026,0.094
1676296324,1.028,0.101
1676296324,1.027,0.096
1676296324,1.029,0.111
1676296324,1.026,0.107
1676296324,1.027,0.101
1676296324,1.028,0.107
1676296324,1.025,0.102
1676296324,1.031,0.106
1676296324,1.028,0.1
1676296324,1.026,0.108
1676296324,1.025,0.103
1676296324,1.029,0.105
1676296324,1.028,0.099
1676296324,1.028,0.1
1676296324,1.029,0.097
1676296324,1.027,0.109
1676296324,1.03,0.101
1676296324,1.028,0.104
1676296325,1.027,0.107
1676296325,1.026,0.105
1676296325,1.028,0.098
1676296325,1.027,0.101
1676296325,1.025,0.102
1676296325,1.028,0.095
1676296325,1.032,0.101
1676296325,1.03,0.096
1676296325,1.028,0.098
1676296325,1.024,0.104
1676296325,1.031,0.102
1676296325,1.028,0.105
1676296325,1.027,0.102
1676296325,1.028,0.103
1676296325,1.03,0.106
1676296325,1.03,0.105
1676296325,1.031,0.099
1676296325,1.027,0.093
1676296325,1.025,0.109
1676296325,1.029,0.104
1676296326,1.029,0.103
1676296326,1.027,0.106
1676296326,1.029,0.105
1676296326,1.03,0.102
1676296326,1.03,0.1
1676296326,1.028,0.101
1676296326,1.03,0.103
1676296326,1.027,0.1
1676296326,1.027,0.102
1676296326,1.03,0.1
1676296326,1.028,0.098
1676296326,1.028,0.106
1676296326,1.031,0.097
1676296326,1.029,0.112
1676296326,1.029,0.104
1676296326,1.027,0.104
1676296326,1.027,0.099
1676296326,1.027,0.099
1676296326,1.028,0.108
1676296326,1.026,0.11
1676296327,1.028,0.105
1676296327,1.028,0.098
1676296327,1.03,0.1
1676296327,1.028,0.094
1676296327,1.029,0.096
1676296327,1.027,0.098
1676296327,1.026,0.099
1676296327,1.029,0.102
1676296327,1.032,0.099
1676296327,1.03,0.103
1676296327,1.032,0.107
1676296327,1.028,0.101
1676296327,1.029,0.108
1676296327,1.026,0.089
1676296327,1.025,0.097
1676296327,1.027,0.1
1676296327,1.028,0.107
1676296327,1.027,0.106
1676296327,1.029,0.1
1676296327,1.028,0.103
1676296328,1.029,0.098
1676296328,1.03,0.103
1676296328,1.029,0.1
1676296328,1.03,0.1
1676296328,1.029,0.111
1676296328,1.028,0.101
1676296328,1.025,0.102
1676296328,1.027,0.102
1676296328,1.026,0.099
1676296328,1.028,0.108
1676296328,1.03,0.096
1676296328,1.03,0.099
1676296328,1.033,0.099
1676296328,1.028,0.104
1676296328,1.026,0.102
1676296328,1.028,0.098
1676296328,1.029,0.109
1676296328,1.03,0.102
1676296328,1.03,0.103
1676296328,1.029,0.101
1676296329,1.033,0.099
1676296329,1.03,0.104
1676296329,1.031,0.107
1676296329,1.03,0.101
1676296329,1.029,0.106
1676296329,1.026,0.101
1676296329,1.025,0.105
1676296329,1.03,0.097
1676296329,1.027,0.107
1676296329,1.029,0.104
1676296329,1.03,0.106
1676296329,1.029,0.107
1676296329,1.028,0.108
1676296329,1.029,0.098
1676296329,1.03,0.117
1676296329,1.03,0.098
1676296329,1.029,0.098
1676296329,1.027,0.106
1676296329,1.029,0.099
1676296329,1.029,0.104
1676296330,1.026,0.108
1676296330,1.03,0.11
1676296330,1.028,0.103
1676296330,1.029,0.1
1676296330,1.03,0.096
1676296330,1.028,0.107
1676296330,1.028,0.104
1676296330,1.027,0.112
1676296330,1.029,0.116
1676296330,1.03,0.099
1676296330,1.031,0.107
1676296330,1.027,0.107
1676296330,1.029,0.106
1676296330,1.027,0.105
1676296330,1.029,0.105
1676296330,1.029,0.106
1676296330,1.03,0.099
1676296330,1.025,0.102
1676296330,1.027,0.103
1676296330,1.025,0.104
1676296331,1.024,0.107
1676296331,1.027,0.094
1676296331,1.029,0.101
1676296331,1.029,0.097
1676296331,1.027,0.094
1676296331,1.025,0.101
1676296331,1.029,0.105
1676296331,1.026,0.111
1676296331,1.025,0.098
1676296331,1.028,0.105
1676296331,1.026,0.097
1676296331,1.028,0.102
1676296331,1.026,0.101
1676296331,1.03,0.103
1676296331,1.029,0.107
1676296331,1.022,0.092
1676296331,1.03,0.099
1676296331,1.029,0.104
1676296331,1.026,0.106
1676296331,1.029,0.104
1676296332,1.028,0.117
1676296332,1.026,0.105
1676296332,1.031,0.097
1676296332,1.032,0.095
1676296332,1.027,0.101
1676296332,1.027,0.09
1676296332,1.029,0.096
1676296332,1.026,0.109
1676296332,1.03,0.094
1676296332,1.029,0.098
1676296332,1.029,0.094
1676296332,1.028,0.109
1676296332,1.03,0.099
1676296332,1.032,0.1
1676296332,1.03,0.101
1676296332,1.026,0.109
1676296332,1.031,0.106
1676296332,1.028,0.101
1676296332,1.029,0.105
1676296332,1.026,0.104
1676296333,1.027,0.104
1676296333,1.028,0.104
1676296333,1.029,0.108
1676296333,1.026,0.099
1676296333,1.025,0.102
1676296333,1.03,0.102
1676296333,1.026,0.101
1676296333,1.027,0.108
1676296333,1.028,0.097
1676296333,1.029,0.103
1676296333,1.028,0.102
1676296333,1.025,0.098
1676296333,1.027,0.107
1676296333,1.028,0.099
1676296333,1.026,0.102
1676296333,1.027,0.102
1676296333,1.024,0.076
1676296333,1.026,0.105
1676296333,1.03,0.104
1676296333,1.026,0.106
1676296334,1.028,0.094
1676296334,1.027,0.108
1676296334,1.03,0.111
1676296334,1.031,0.107
1676296334,1.027,0.103
1676296334,1.028,0.105
1676296334,1.03,0.106
1676296334,1.027,0.103
1676296334,1.028,0.102
1676296334,1.026,0.096
1676296334,1.027,0.109
1676296334,1.027,0.106
1676296334,1.027,0.106
1676296334,1.027,0.103
1676296334,1.029,0.096
1676296334,1.03,0.1
1676296334,1.029,0.097
1676296334,1.031,0.102
1676296334,1.026,0.102
1676296334,1.029,0.1
1676296335,1.03,0.104
1676296335,1.028,0.101
1676296335,1.032,0.104
1676296335,1.028,0.106
1676296335,1.031,0.095
1676296335,1.029,0.097
1676296335,1.027,0.102
1676296335,1.029,0.096
1676296335,1.032,0.1
1676296335,1.028,0.105
1676296335,1.026,0.106
1676296335,1.033,0.108
1676296335,1.029,0.102
1676296335,1.028,0.11
1676296335,1.026,0.103
1676296335,1.027,0.103
1676296335,1.03,0.101
1676296335,1.029,0.105
1676296335,1.027,0.101
1676296335,1.031,0.103
1676296336,1.03,0.103
1676296336,1.03,0.099
1676296336,1.032,0.098
1676296336,1.031,0.108
1676296336,1.029,0.095
1676296336,1.028,0.098
1676296336,1.028,0.103
1676296336,1.03,0.094
1676296336,1.029,0.104
1676296336,1.029,0.111
1676296336,1.03,0.1
1676296336,1.029,0.1
1676296336,1.03,0.101
1676296336,1.03,0.101
1676296336,1.027,0.113
1676296336,1.028,0.1
1676296336,1.025,0.105
1676296336,1.027,0.108
1676296336,1.029,0.1
1676296336,1.027,0.1
1676296337,1.028,0.094
1676296337,1.03,0.11
1676296337,1.028,0.096
1676296337,1.027,0.108
1676296337,1.031,0.104
1676296337,1.028,0.099
1676296337,1.026,0.101
1676296337,1.028,0.098
1676296337,1.027,0.1
1676296337,1.028,0.097
1676296337,1.03,0.099
1676296337,1.031,0.095
1676296337,1.027,0.101
1676296337,1.03,0.101
1676296337,1.027,0.094
1676296337,1.025,0.103
1676296337,1.027,0.108
1676296337,1.029,0.103
1676296337,1.029,0.102
1676296337,1.028,0.106
1676296338,1.033,0.103
1676296338,1.029,0.105
1676296338,1.029,0.111
1676296338,1.03,0.109
1676296338,1.03,0.106
1676296338,1.032,0.106
1676296338,1.026,0.103
1676296338,1.027,0.098
1676296338,1.026,0.1
1676296338,1.026,0.106
1676296338,1.028,0.104
1676296338,1.027,0.101
1676296338,1.033,0.106
1676296338,1.028,0.1
1676296338,1.03,0.102
1676296338,1.029,0.102
1676296338,1.027,0.099
1676296338,1.028,0.098
1676296338,1.031,0.099
1676296338,1.029,0.108
1676296339,1.026,0.106
1676296339,1.03,0.104
1676296339,1.029,0.102
1676296339,1.027,0.103
1676296339,1.027,0.102
1676296339,1.029,0.099
1676296339,1.029,0.096
1676296339,1.026,0.102
1676296339,1.028,0.105
1676296339,1.027,0.104
1676296339,1.026,0.096
1676296339,1.028,0.109
1676296339,1.027,0.099
1676296339,1.03,0.099
1676296339,1.03,0.1
1676296339,1.028,0.095
1676296339,1.027,0.095
1676296339,1.031,0.103
1676296339,1.027,0.106
1676296339,1.026,0.108
1676296340,1.03,0.114
1676296340,1.027,0.104
1676296340,1.024,0.098
1676296340,1.028,0.105
1676296340,1.026,0.102
1676296340,1.029,0.104
1676296340,1.03,0.107
1676296340,1.028,0.105
1676296340,1.026,0.103
1676296340,1.025,0.101
1676296340,1.028,0.099
1676296340,1.028,0.094
1676296340,1.028,0.098
1676296340,1.028,0.105
1676296340,1.032,0.099
1676296340,1.027,0.106
1676296340,1.028,0.101
1676296340,1.025,0.104
1676296340,1.026,0.106
1676296340,1.027,0.098
1676296341,1.031,0.101
1676296341,1.03,0.104
1676296341,1.028,0.089
1676296341,1.028,0.103
1676296341,1.03,0.102
1676296341,1.029,0.102
1676296341,1.027,0.097
1676296341,1.027,0.104
1676296341,1.025,0.107
1676296341,1.028,0.105
1676296341,1.026,0.109
1676296341,1.03,0.103
1676296341,1.029,0.099
1676296341,1.027,0.099
1676296341,1.03,0.097
1676296341,1.028,0.103
1676296341,1.029,0.107
1676296341,1.031,0.106
1676296341,1.028,0.095
1676296341,1.027,0.106
1676296342,1.027,0.1
1676296342,1.025,0.102
1676296342,1.03,0.095
1676296342,1.029,0.103
1676296342,1.026,0.1
1676296342,1.027,0.105
1676296342,1.028,0.103
1676296342,1.027,0.102
1676296342,1.028,0.101
1676296342,1.028,0.11
1676296342,1.027,0.105
1676296342,1.028,0.11
1676296342,1.03,0.105
1676296342,1.03,0.109
1676296342,1.027,0.097
1676296342,1.036,0.094
1676296342,1.026,0.113
1676296342,1.026,0.107
1676296342,1.028,0.11
1676296342,1.029,0.1
1676296343,1.03,0.102
1676296343,1.027,0.094
1676296343,1.03,0.102
1676296343,1.029,0.108
1676296343,1.029,0.107
1676296343,1.026,0.105
1676296343,1.028,0.098
1676296343,1.028,0.105
1676296343,1.03,0.105
1676296343,1.031,0.097
1676296343,1.031,0.099
1676296343,1.03,0.103
1676296343,1.029,0.102
1676296343,1.028,0.102
1676296343,1.03,0.096
1676296343,1.031,0.104
1676296343,1.031,0.1
1676296343,1.028,0.106
1676296343,1.028,0.103
1676296343,1.029,0.097
1676296344,1.028,0.104
1676296344,1.028,0.108
1676296344,1.027,0.103
1676296344,1.027,0.101
1676296344,1.031,0.109
1676296344,1.028,0.105
1676296344,1.027,0.097
1676296344,1.028,0.102
1676296344,1.028,0.112
1676296344,1.03,0.102
1676296344,1.028,0.104
1676296344,1.03,0.101
1676296344,1.027,0.104
1676296344,1.029,0.103
1676296344,1.03,0.105
1676296344,1.027,0.101
1676296344,1.027,0.108
1676296344,1.028,0.099
1676296344,1.028,0.094
1676296344,1.03,0.105
1676296345,1.029,0.1
1676296345,1.027,0.102
1676296345,1.029,0.103
1676296345,1.029,0.095
1676296345,1.028,0.101
1676296345,1.027,0.096
1676296345,1.03,0.1
1676296345,1.029,0.102
1676296345,1.025,0.099
1676296345,1.027,0.103
1676296345,1.031,0.107
1676296345,1.031,0.105
1676296345,1.03,0.096
1676296345,1.028,0.094
1676296345,1.031,0.103
1676296345,1.03,0.109
1676296345,1.026,0.114
1676296345,1.029,0.112
1676296345,1.03,0.093
1676296345,1.029,0.098
1676296346,1.029,0.099
1676296346,1.031,0.092
1676296346,1.03,0.104
1676296346,1.03,0.102
1676296346,1.027,0.107
1676296346,1.027,0.109
1676296346,1.027,0.109
1676296346,1.026,0.1
1676296346,1.029,0.101
1676296346,1.028,0.101
1676296346,1.029,0.102
1676296346,1.029,0.103
1676296346,1.028,0.106
1676296346,1.027,0.098
1676296346,1.027,0.104
1676296346,1.03,0.105
1676296346,1.028,0.103
1676296346,1.031,0.106
1676296346,1.026,0.102
1676296346,1.027,0.099
1676296347,1.026,0.108
1676296347,1.027,0.1
1676296347,1.029,0.107
1676296347,1.027,0.097
1676296347,1.028,0.105
1676296347,1.027,0.097
1676296347,1.027,0.11
1676296347,1.031,0.106
1676296347,1.028,0.095
1676296347,1.029,0.105
1676296347,1.03,0.097
1676296347,1.029,0.105
1676296347,1.028,0.106
1676296347,1.028,0.1
1676296347,1.029,0.103
1676296347,1.028,0.104
1676296347,1.03,0.106
1676296347,1.027,0.1
1676296347,1.029,0.098
1676296347,1.026,0.105
1676296348,1.028,0.102
1676296348,1.028,0.097
1676296348,1.028,0.107
1676296348,1.028,0.104
1676296348,1.031,0.099
1676296348,1.026,0.101
1676296348,1.028,0.101
1676296348,1.026,0.102
1676296348,1.027,0.107
1676296348,1.029,0.098
1676296348,1.026,0.102
1676296348,1.027,0.103
1676296348,1.026,0.108
1676296348,1.028,0.108
1676296348,1.029,0.098
1676296348,1.03,0.113
1676296348,1.03,0.103
1676296348,1.03,0.107
1676296348,1.027,0.101
1676296348,1.025,0.105
1676296349,1.026,0.104
1676296349,1.027,0.111
1676296349,1.027,0.101
1676296349,1.032,0.1
1676296349,1.025,0.097
1676296349,1.026,0.09
1676296349,1.03,0.096
1676296349,1.029,0.097
1676296349,1.023,0.112
1676296349,1.028,0.101
1676296349,1.027,0.096
1676296349,1.025,0.102
1676296349,1.027,0.104
1676296349,1.025,0.093
1676296349,1.028,0.099
1676296349,1.028,0.1
1676296349,1.024,0.105
1676296349,1.026,0.101
1676296349,1.028,0.103
1676296349,1.027,0.093
1676296350,1.027,0.099
1676296350,1.027,0.101
1676296350,1.03,0.102
1676296350,1.029,0.098
1676296350,1.031,0.1
1676296350,1.031,0.104
1676296350,1.027,0.107
1676296350,1.027,0.097
1676296350,1.024,0.098
1676296350,1.031,0.098
1676296350,1.03,0.107
1676296350,1.028,0.095
1676296350,1.026,0.093
1676296350,1.027,0.101
1676296350,1.026,0.101
1676296350,1.027,0.109
1676296350,1.03,0.11
1676296350,1.027,0.102
1676296350,1.026,0.101
1676296350,1.032,0.101
1676296351,1.029,0.108
1676296351,1.027,0.092
1676296351,1.028,0.104
1676296351,1.025,0.097
1676296351,1.028,0.1
1676296351,1.025,0.1
1676296351,1.028,0.097
1676296351,1.03,0.094
1676296351,1.023,0.101
1676296351,1.028,0.105
1676296351,1.029,0.099
1676296351,1.03,0.102
1676296351,1.032,0.106
1676296351,1.035,0.093
1676296351,1.026,0.098
1676296351,1.026,0.101
1676296351,1.028,0.102
1676296351,1.027,0.107
1676296351,1.025,0.099
1676296351,1.028,0.096
1676296352,1.03,0.098
1676296352,1.028,0.101
1676296352,1.027,0.102
1676296352,1.023,0.096
1676296352,1.027,0.102
1676296352,1.026,0.105
1676296352,1.029,0.11
1676296352,1.029,0.098
1676296352,1.027,0.107
1676296352,1.026,0.096
1676296352,1.028,0.102
1676296352,1.032,0.102
1676296352,1.03,0.098
1676296352,1.025,0.106
1676296352,1.024,0.107
1676296352,1.026,0.102
1676296352,1.026,0.107
1676296352,1.03,0.107
1676296352,1.03,0.104
1676296352,1.031,0.097
1676296353,1.031,0.108
1676296353,1.026,0.103
1676296353,1.024,0.099
1676296353,1.026,0.102
1676296353,1.028,0.112
1676296353,1.029,0.1
1676296353,1.028,0.104
1676296353,1.029,0.106
1676296353,1.027,0.103
1676296353,1.028,0.097
1676296353,1.028,0.097
1676296353,1.026,0.103
1676296353,1.026,0.098
1676296353,1.028,0.102
1676296353,1.027,0.104
1676296353,1.026,0.103
1676296353,1.026,0.099
1676296353,1.027,0.106
1676296353,1.027,0.109
1676296353,1.029,0.1
1676296354,1.023,0.102
1676296354,1.026,0.106
1676296354,1.03,0.101
1676296354,1.028,0.101
1676296354,1.028,0.097
1676296354,1.029,0.101
1676296354,1.027,0.092
1676296354,1.028,0.104
1676296354,1.029,0.106
1676296354,1.03,0.1
1676296354,1.027,0.101
1676296354,1.029,0.1
1676296354,1.027,0.106
1676296354,1.028,0.107
1676296354,1.025,0.108
1676296354,1.027,0.098
1676296354,1.028,0.109
1676296354,1.028,0.105
1676296354,1.028,0.103
1676296354,1.026,0.096
1676296355,1.03,0.102
1676296355,1.027,0.1
1676296355,1.027,0.103
1676296355,1.028,0.092
1676296355,1.03,0.101
1676296355,1.03,0.102
1676296355,1.027,0.107
1676296355,1.027,0.094
1676296355,1.024,0.102
1676296355,1.027,0.106
1676296355,1.029,0.1
1676296355,1.028,0.103
1676296355,1.029,0.103
1676296355,1.028,0.105
1676296355,1.028,0.099
1676296355,1.029,0.108
1676296355,1.029,0.098
1676296355,1.025,0.096
1676296355,1.031,0.1
1676296355,1.029,0.097
1676296356,1.03,0.098
1676296356,1.024,0.088
1676296356,1.028,0.107
1676296356,1.028,0.096
1676296356,1.025,0.094
1676296356,1.025,0.103
1676296356,1.029,0.102
1676296356,1.027,0.103
1676296356,1.029,0.1
1676296356,1.027,0.107
1676296356,1.027,0.098
1676296356,1.029,0.108
1676296356,1.029,0.099
1676296356,1.029,0.109
1676296356,1.025,0.103
1676296356,1.03,0.101
1676296356,1.031,0.105
1676296356,1.026,0.103
1676296356,1.025,0.107
1676296356,1.028,0.098
1676296357,1.027,0.099
1676296357,1.027,0.102
1676296357,1.027,0.103
1676296357,1.025,0.104
1676296357,1.027,0.099
1676296357,1.026,0.094
1676296357,1.025,0.106
1676296357,1.028,0.104
1676296357,1.029,0.105
1676296357,1.025,0.104
1676296357,1.027,0.108
1676296357,1.027,0.094
1676296357,1.03,0.101
1676296357,1.029,0.101
1676296357,1.027,0.099
1676296357,1.029,0.097
1676296357,1.028,0.113
1676296357,1.029,0.104
1676296357,1.028,0.098
1676296357,1.028,0.099
1676296358,1.031,0.104
1676296358,1.03,0.102
1676296358,1.03,0.09
1676296358,1.027,0.1
1676296358,1.028,0.103
1676296358,1.027,0.105
1676296358,1.028,0.103
1676296358,1.029,0.097
1676296358,1.026,0.098
1676296358,1.028,0.103
1676296358,1.027,0.106
1676296358,1.025,0.097
1676296358,1.029,0.103
1676296358,1.032,0.101
1676296358,1.025,0.103
1676296358,1.028,0.097
1676296358,1.029,0.103
1676296358,1.028,0.101
1676296358,1.027,0.105
1676296358,1.027,0.091
1676296359,1.03,0.102
1676296359,1.029,0.104
1676296359,1.029,0.106
1676296359,1.027,0.097
1676296359,1.029,0.097
1676296359,1.028,0.094
1676296359,1.028,0.101
1676296359,1.031,0.101
1676296359,1.028,0.107
1676296359,1.027,0.104
1676296359,1.029,0.112
1676296359,1.025,0.098
1676296359,1.026,0.102
1676296359,1.032,0.1
1676296359,1.028,0.097
1676296359,1.029,0.109
1676296359,1.027,0.11
1676296359,1.026,0.095
1676296359,1.028,0.1
1676296359,1.031,0.103
1676296360,1.029,0.097
1676296360,1.028,0.103
1676296360,1.028,0.098
1676296360,1.03,0.098
1676296360,1.029,0.092
1676296360,1.03,0.102
1676296360,1.026,0.093
1676296360,1.025,0.098
1676296360,1.03,0.095
1676296360,1.027,0.107
1676296360,1.027,0.106
1676296360,1.026,0.104
1676296360,1.031,0.101
1676296360,1.029,0.11
1676296360,1.025,0.102
1676296360,1.03,0.104
1676296360,1.027,0.103
1676296360,1.026,0.095
1676296360,1.028,0.105
1676296360,1.027,0.105
1676296361,1.025,0.105
1676296361,1.028,0.108
1676296361,1.03,0.102
1676296361,1.026,0.097
1676296361,1.029,0.091
1676296361,1.024,0.1
1676296361,1.03,0.098
1676296361,1.028,0.101
1676296361,1.028,0.108
1676296361,1.03,0.106
1676296361,1.027,0.099
1676296361,1.025,0.096
1676296361,1.029,0.105
1676296361,1.028,0.1
1676296361,1.031,0.083
1676296361,1.029,0.107
1676296361,1.03,0.1
1676296361,1.026,0.096
1676296361,1.029,0.105
1676296361,1.026,0.1
1676296362,1.028,0.102
1676296362,1.025,0.1
1676296362,1.026,0.099
1676296362,1.027,0.1
1676296362,1.03,0.102
1676296362,1.028,0.099
1676296362,1.028,0.094
1676296362,1.027,0.105
1676296362,1.026,0.103
1676296362,1.03,0.102
1676296362,1.025,0.103
1676296362,1.025,0.102
1676296362,1.029,0.099
1676296362,1.029,0.095
1676296362,1.025,0.098
1676296362,1.03,0.105
1676296362,1.028,0.105
1676296362,1.026,0.101
1676296362,1.028,0.105
1676296362,1.026,0.105
1676296363,1.029,0.101
1676296363,1.024,0.101
1676296363,1.031,0.103
1676296363,1.028,0.107
1676296363,1.028,0.1
1676296363,1.027,0.1
1676296363,1.028,0.096
1676296363,1.027,0.099
1676296363,1.029,0.109
1676296363,1.027,0.102
1676296363,1.027,0.099
1676296363,1.026,0.099
1676296363,1.03,0.097
1676296363,1.03,0.101
1676296363,1.026,0.093
1676296363,1.034,0.107
1676296363,1.027,0.106
1676296363,1.028,0.104
1676296363,1.029,0.1
1676296363,1.026,0.095
1676296364,1.026,0.104
1676296364,1.024,0.109
1676296364,1.027,0.107
1676296364,1.027,0.109
1676296364,1.027,0.098
1676296364,1.028,0.109
1676296364,1.026,0.097
1676296364,1.028,0.098
1676296364,1.026,0.104
1676296364,1.027,0.109
1676296364,1.025,0.104
1676296364,1.024,0.094
1676296364,1.027,0.109
1676296364,1.029,0.107
1676296364,1.029,0.094
1676296364,1.031,0.11
1676296364,1.028,0.107
1676296364,1.027,0.105
1676296364,1.029,0.098
1676296364,1.028,0.099
1676296365,1.027,0.094
1676296365,1.026,0.103
1676296365,1.027,0.103
1676296365,1.028,0.102
1676296365,1.026,0.099
1676296365,1.027,0.101
1676296365,1.031,0.104
1676296365,1.026,0.095
1676296365,1.028,0.099
1676296365,1.026,0.099
1676296365,1.026,0.097
1676296365,1.03,0.102
1676296365,1.029,0.102
1676296365,1.028,0.093
1676296365,1.024,0.094
1676296365,1.027,0.098
1676296365,1.03,0.096
1676296365,1.029,0.099
1676296365,1.028,0.105
1676296365,1.026,0.105
1676296366,1.03,0.094
1676296366,1.025,0.098
1676296366,1.026,0.099
1676296366,1.027,0.094
1676296366,1.028,0.101
1676296366,1.026,0.094
1676296366,1.028,0.099
1676296366,1.029,0.102
1676296366,1.027,0.097
1676296366,1.027,0.097
1676296366,1.03,0.099
1676296366,1.027,0.101
1676296366,1.026,0.102
1676296366,1.026,0.101
1676296366,1.028,0.109
1676296366,1.032,0.105
1676296366,1.027,0.105
1676296366,1.026,0.095
1676296366,1.025,0.105
1676296366,1.028,0.099
1676296367,1.026,0.106
1676296367,1.03,0.101
1676296367,1.027,0.102
1676296367,1.028,0.099
1676296367,1.029,0.097
1676296367,1.032,0.105
1676296367,1.027,0.099
1676296367,1.029,0.097
1676296367,1.026,0.099
1676296367,1.027,0.103
1676296367,1.03,0.099
1676296367,1.025,0.101
1676296367,1.028,0.1
1676296367,1.027,0.098
1676296367,1.025,0.097
1676296367,1.029,0.101
1676296367,1.029,0.101
1676296367,1.027,0.106
1676296367,1.026,0.099
1676296367,1.028,0.106
1676296368,1.027,0.106
1676296368,1.029,0.104
1676296368,1.027,0.097
1676296368,1.025,0.104
1676296368,1.027,0.097
1676296368,1.024,0.099
1676296368,1.028,0.099
1676296368,1.03,0.101
1676296368,1.028,0.099
1676296368,1.029,0.097
1676296368,1.027,0.102
1676296368,1.025,0.096
1676296368,1.029,0.116
1676296368,1.025,0.109
1676296368,1.025,0.094
1676296368,1.03,0.102
1676296368,1.029,0.098
1676296368,1.026,0.104
1676296368,1.028,0.102
1676296368,1.028,0.09
1676296369,1.03,0.095
1676296369,1.025,0.104
1676296369,1.027,0.11
1676296369,1.027,0.104
1676296369,1.028,0.097
1676296369,1.026,0.094
1676296369,1.027,0.109
1676296369,1.029,0.096
1676296369,1.026,0.105
1676296369,1.03,0.096
1676296369,1.031,0.094
1676296369,1.027,0.113
1676296369,1.025,0.1
1676296369,1.03,0.098
1676296369,1.032,0.098
1676296369,1.031,0.103
1676296369,1.025,0.096
1676296369,1.03,0.095
1676296369,1.029,0.103
1676296369,1.028,0.102
1676296370,1.029,0.102
1676296370,1.031,0.102
1676296370,1.029,0.102
1676296370,1.03,0.109
1676296370,1.028,0.104
1676296370,1.029,0.096
1676296370,1.027,0.095
1676296370,1.026,0.097
1676296370,1.025,0.105
1676296370,1.03,0.101
1676296370,1.027,0.103
1676296370,1.028,0.103
1676296370,1.028,0.1
1676296370,1.025,0.12
1676296370,1.025,0.105
1676296370,1.026,0.112
1676296370,1.025,0.108
1676296370,1.029,0.102
1676296370,1.027,0.104
1676296370,1.027,0.103
1676296371,1.029,0.109
1676296371,1.027,0.103
1676296371,1.029,0.094
1676296371,1.028,0.098
1676296371,1.026,0.105
1676296371,1.03,0.101
1676296371,1.025,0.104
1676296371,1.027,0.1
1676296371,1.028,0.099
1676296371,1.022,0.102
1676296371,1.028,0.101
1676296371,1.032,0.102
1676296371,1.026,0.108
1676296371,1.028,0.093
1676296371,1.026,0.101
1676296371,1.029,0.097
1676296371,1.025,0.103
1676296371,1.025,0.094
1676296371,1.029,0.103
1676296371,1.027,0.105
1676296372,1.026,0.093
1676296372,1.025,0.098
1676296372,1.026,0.102
1676296372,1.026,0.108
1676296372,1.028,0.099
1676296372,1.032,0.105
1676296372,1.024,0.096
1676296372,1.024,0.11
1676296372,1.029,0.105
1676296372,1.025,0.099
1676296372,1.03,0.105
1676296372,1.028,0.105
1676296372,1.026,0.095
1676296372,1.027,0.1
1676296372,1.018,0.108
1676296372,1.025,0.095
1676296372,1.025,0.099
1676296372,1.024,0.101
1676296372,1.028,0.097
1676296372,1.024,0.105
1676296373,1.024,0.095
1676296373,1.026,0.097
1676296373,1.027,0.099
1676296373,1.026,0.099
1676296373,1.028,0.106
1676296373,1.024,0.094
1676296373,1.027,0.097
1676296373,1.027,0.106
1676296373,1.03,0.105
1676296373,1.029,0.111
1676296373,1.027,0.107
1676296373,1.029,0.094
1676296373,1.027,0.099
1676296373,1.029,0.102
1676296373,1.026,0.11
1676296373,1.022,0.109
1676296373,1.027,0.101
1676296373,1.024,0.101
1676296373,1.025,0.102
1676296373,1.029,0.097
1676296374,1.026,0.106
1676296374,1.024,0.103
1676296374,1.028,0.105
1676296374,1.025,0.108
1676296374,1.027,0.107
1676296374,1.026,0.102
1676296374,1.027,0.11
1676296374,1.027,0.096
1676296374,1.028,0.1
1676296374,1.025,0.097
1676296374,1.028,0.102
1676296374,1.024,0.102
1676296374,1.026,0.107
1676296374,1.028,0.099
1676296374,1.027,0.099
1676296374,1.022,0.13
1676296374,1.028,0.103
1676296374,1.028,0.104
1676296374,1.028,0.107
1676296374,1.025,0.1
1676296375,1.026,0.106
1676296375,1.027,0.104
1676296375,1.027,0.096
1676296375,1.026,0.099
1676296375,1.026,0.108
1676296375,1.028,0.108
1676296375,1.025,0.099
1676296375,1.027,0.108
1676296375,1.029,0.097
1676296375,1.024,0.1
1676296375,1.029,0.106
1676296375,1.028,0.096
1676296375,1.029,0.106
1676296375,1.027,0.1
1676296375,1.024,0.113
1676296375,1.025,0.104
1676296375,1.028,0.093
1676296375,1.027,0.099
1676296375,1.03,0.1
1676296375,1.027,0.103
1676296376,1.027,0.096
1676296376,1.028,0.1
1676296376,1.025,0.108
1676296376,1.026,0.099
1676296376,1.028,0.104
1676296376,1.027,0.1
1676296376,1.023,0.103
1676296376,1.027,0.109
1676296376,1.027,0.1
1676296376,1.028,0.104
1676296376,1.027,0.105
1676296376,1.027,0.104
1676296376,1.026,0.107
1676296376,1.025,0.1
1676296376,1.03,0.108
1676296376,1.023,0.096
1676296376,1.027,0.091
1676296376,1.026,0.102
1676296376,1.027,0.104
1676296376,1.027,0.099
1676296377,1.025,0.103
1676296377,1.027,0.107
1676296377,1.03,0.102
1676296377,1.028,0.104
1676296377,1.021,0.094
1676296377,1.025,0.098
1676296377,1.027,0.109
1676296377,1.026,0.111
1676296377,1.028,0.106
1676296377,1.025,0.102
1676296377,1.027,0.099
1676296377,1.03,0.104
1676296377,1.027,0.102
1676296377,1.029,0.108
1676296377,1.027,0.102
1676296377,1.025,0.102
1676296377,1.026,0.102
1676296377,1.027,0.106
1676296377,1.027,0.1
1676296377,1.03,0.107
1676296378,1.027,0.097
1676296378,1.025,0.097
1676296378,1.029,0.103
1676296378,1.027,0.097
1676296378,1.027,0.103
1676296378,1.028,0.099
1676296378,1.028,0.099
1676296378,1.028,0.107
1676296378,1.025,0.103
1676296378,1.028,0.097
1676296378,1.025,0.101
1676296378,1.027,0.099
1676296378,1.025,0.102
1676296378,1.027,0.108
1676296378,1.023,0.105
1676296378,1.025,0.097
1676296378,1.028,0.099
1676296378,1.03,0.094
1676296378,1.026,0.104
1676296378,1.027,0.095
1676296379,1.027,0.104
1676296379,1.024,0.105
1676296379,1.027,0.108
1676296379,1.029,0.101
1676296379,1.026,0.102
1676296379,1.025,0.101
1676296379,1.026,0.104
1676296379,1.022,0.107
1676296379,1.029,0.092
1676296379,1.029,0.103
1676296379,1.031,0.104
1676296379,1.027,0.095
1676296379,1.028,0.11
1676296379,1.03,0.097
1676296379,1.023,0.102
1676296379,1.025,0.109
1676296379,1.026,0.101
1676296379,1.024,0.099
1676296379,1.029,0.1
1676296379,1.027,0.103
1676296380,1.024,0.11
1676296380,1.026,0.095
1676296380,1.027,0.104
1676296380,1.026,0.1
1676296380,1.028,0.104
1676296380,1.029,0.102
1676296380,1.027,0.096
1676296380,1.028,0.099
1676296380,1.027,0.095
1676296380,1.026,0.111
1676296380,1.029,0.096
1676296380,1.027,0.109
1676296380,1.027,0.098
1676296380,1.027,0.105
1676296380,1.028,0.097
1676296380,1.026,0.095
1676296380,1.025,0.098
1676296380,1.025,0.101
1676296380,1.027,0.101
1676296380,1.025,0.109
1676296381,1.027,0.102
1676296381,1.027,0.102
1676296381,1.028,0.1
1676296381,1.024,0.09
1676296381,1.027,0.106
1676296381,1.023,0.1
1676296381,1.026,0.105
1676296381,1.023,0.1
1676296381,1.029,0.098
1676296381,1.029,0.108
1676296381,1.03,0.1
1676296381,1.025,0.089
1676296381,1.026,0.097
1676296381,1.03,0.107
1676296381,1.027,0.102
1676296381,1.027,0.101
1676296381,1.027,0.107
1676296381,1.027,0.101
1676296381,1.03,0.108
1676296381,1.025,0.101
1676296382,1.025,0.106
1676296382,1.024,0.116
1676296382,1.028,0.095
1676296382,1.025,0.103
1676296382,1.027,0.098
1676296382,1.027,0.096
1676296382,1.025,0.1
1676296382,1.025,0.103
1676296382,1.025,0.093
1676296382,1.026,0.101
1676296382,1.028,0.102
1676296382,1.028,0.09
1676296382,1.027,0.095
1676296382,1.027,0.093
1676296382,1.029,0.098
1676296382,1.028,0.096
1676296382,1.028,0.109
1676296382,1.029,0.097
1676296382,1.03,0.102
1676296382,1.027,0.101
1676296383,1.028,0.107
1676296383,1.027,0.106
1676296383,1.028,0.102
1676296383,1.03,0.093
1676296383,1.029,0.09
1676296383,1.027,0.098
1676296383,1.029,0.098
1676296383,1.025,0.101
1676296383,1.031,0.107
1676296383,1.025,0.108
1676296383,1.03,0.095
1676296383,1.03,0.103
1676296383,1.026,0.098
1676296383,1.029,0.11
1676296383,1.027,0.087
1676296383,1.027,0.106
1676296383,1.027,0.097
1676296383,1.027,0.096
1676296383,1.028,0.098
1676296383,1.028,0.094
1676296384,1.026,0.104
1676296384,1.025,0.104
1676296384,1.027,0.1
1676296384,1.029,0.103
1676296384,1.027,0.107
1676296384,1.026,0.102
1676296384,1.027,0.107
1676296384,1.023,0.092
1676296384,1.029,0.1
1676296384,1.027,0.1
1676296384,1.03,0.097
1676296384,1.027,0.099
1676296384,1.028,0.093
1676296384,1.029,0.083
1676296384,1.029,0.098
1676296384,1.027,0.1
1676296384,1.024,0.094
1676296384,1.027,0.097
1676296384,1.03,0.102
1676296384,1.027,0.098
1676296385,1.027,0.103
1676296385,1.027,0.097
1676296385,1.029,0.098
1676296385,1.027,0.103
1676296385,1.029,0.105
1676296385,1.026,0.103
1676296385,1.028,0.1
1676296385,1.025,0.102
1676296385,1.026,0.099
1676296385,1.027,0.104
1676296385,1.028,0.098
1676296385,1.029,0.11
1676296385,1.032,0.097
1676296385,1.028,0.094
1676296385,1.027,0.097
1676296385,1.025,0.095
1676296385,1.028,0.1
1676296385,1.027,0.094
1676296385,1.028,0.098
1676296385,1.024,0.109
1676296386,1.024,0.097
1676296386,1.027,0.095
1676296386,1.028,0.104
1676296386,1.026,0.097
1676296386,1.026,0.106
1676296386,1.027,0.1
1676296386,1.029,0.103
1676296386,1.026,0.102
1676296386,1.026,0.107
1676296386,1.028,0.102
1676296386,1.027,0.103
1676296386,1.026,0.104
1676296386,1.024,0.099
1676296386,1.026,0.109
1676296386,1.027,0.105
1676296386,1.027,0.1
1676296386,1.028,0.106
1676296386,1.026,0.101
1676296386,1.03,0.106
1676296386,1.027,0.101
1676296387,1.026,0.095
1676296387,1.026,0.099
1676296387,1.027,0.105
1676296387,1.028,0.109
1676296387,1.028,0.104
1676296387,1.03,0.101
1676296387,1.032,0.094
1676296387,1.027,0.101
1676296387,1.028,0.104
1676296387,1.027,0.107
1676296387,1.027,0.103
1676296387,1.025,0.088
1676296387,1.027,0.101
1676296387,1.03,0.099
1676296387,1.027,0.098
1676296387,1.027,0.102
1676296387,1.023,0.091
1676296387,1.028,0.1
1676296387,1.026,0.1
1676296387,1.024,0.103
1676296388,1.026,0.098
1676296388,1.028,0.106
1676296388,1.029,0.1
1676296388,1.026,0.096
1676296388,1.027,0.105
1676296388,1.03,0.103
1676296388,1.027,0.103
1676296388,1.03,0.104
1676296388,1.027,0.105
1676296388,1.029,0.103
1676296388,1.027,0.102
1676296388,1.027,0.106
1676296388,1.028,0.102
1676296388,1.028,0.101
1676296388,1.025,0.102
1676296388,1.023,0.108
1676296388,1.027,0.104
1676296388,1.027,0.096
1676296388,1.028,0.104
1676296388,1.028,0.091
1676296389,1.028,0.103
1676296389,1.026,0.108
1676296389,1.029,0.097
1676296389,1.027,0.109
1676296389,1.026,0.111
1676296389,1.027,0.104
1676296389,1.03,0.099
1676296389,1.026,0.098
1676296389,1.025,0.098
1676296389,1.027,0.097
1676296389,1.026,0.093
1676296389,1.026,0.093
1676296389,1.028,0.089
1676296389,1.028,0.096
1676296389,1.029,0.102
1676296389,1.026,0.098
1676296389,1.026,0.105
1676296389,1.026,0.1
1676296389,1.024,0.095
1676296389,1.028,0.107
1676296390,1.027,0.106
1676296390,1.027,0.095
1676296390,1.025,0.105
1676296390,1.029,0.101
1676296390,1.026,0.104
1676296390,1.026,0.107
1676296390,1.024,0.094
1676296390,1.025,0.101
1676296390,1.026,0.101
1676296390,1.027,0.094
1676296390,1.028,0.097
1676296390,1.025,0.093
1676296390,1.025,0.095
1676296390,1.028,0.1
1676296390,1.027,0.103
1676296390,1.027,0.102
1676296390,1.028,0.098
1676296390,1.028,0.1
1676296390,1.029,0.099
1676296390,1.025,0.103
1676296391,1.024,0.097
1676296391,1.027,0.111
1676296391,1.028,0.105
1676296391,1.026,0.109
1676296391,1.029,0.099
1676296391,1.028,0.101
1676296391,1.028,0.106
1676296391,1.024,0.107
1676296391,1.027,0.109
1676296391,1.024,0.107
1676296391,1.025,0.1
1676296391,1.025,0.109
1676296391,1.028,0.102
1676296391,1.028,0.118
1676296391,1.025,0.092
1676296391,1.027,0.104
1676296391,1.026,0.107
1676296391,1.026,0.104
1676296391,1.024,0.101
1676296391,1.026,0.1
1676296392,1.027,0.103
1676296392,1.025,0.098
1676296392,1.026,0.097
1676296392,1.026,0.101
1676296392,1.027,0.106
1676296392,1.027,0.101
1676296392,1.029,0.099
1676296392,1.026,0.102
1676296392,1.03,0.093
1676296392,1.028,0.099
1676296392,1.026,0.107
1676296392,1.028,0.104
1676296392,1.026,0.093
1676296392,1.028,0.101
1676296392,1.025,0.104
1676296392,1.027,0.096
1676296392,1.03,0.099
1676296392,1.025,0.107
1676296392,1.026,0.097
1676296392,1.029,0.105
1676296393,1.023,0.095
1676296393,1.027,0.091
1676296393,1.03,0.103
1676296393,1.028,0.092
1676296393,1.026,0.101
1676296393,1.027,0.101
1676296393,1.026,0.099
1676296393,1.028,0.102
1676296393,1.027,0.098
1676296393,1.027,0.101
1676296393,1.027,0.104
1676296393,1.027,0.101
1676296393,1.027,0.096
1676296393,1.026,0.105
1676296393,1.028,0.109
1676296393,1.028,0.105
1676296393,1.029,0.096
1676296393,1.025,0.098
1676296393,1.028,0.1
1676296393,1.025,0.105
1676296394,1.029,0.101
1676296394,1.03,0.111
1676296394,1.027,0.104
1676296394,1.027,0.1
1676296394,1.027,0.097
1676296394,1.026,0.1
1676296394,1.029,0.097
1676296394,1.026,0.108
1676296394,1.029,0.094
1676296394,1.028,0.099
1676296394,1.026,0.094
1676296394,1.025,0.109
1676296394,1.026,0.102
1676296394,1.025,0.093
1676296394,1.026,0.098
1676296394,1.029,0.109
1676296394,1.028,0.096
1676296394,1.029,0.1
1676296394,1.027,0.102
1676296394,1.025,0.096
1676296395,1.028,0.097
1676296395,1.026,0.108
1676296395,1.024,0.107
1676296395,1.027,0.097
1676296395,1.025,0.099
1676296395,1.026,0.101
1676296395,1.027,0.102
1676296395,1.024,0.104
1676296395,1.027,0.103
1676296395,1.028,0.097
1676296395,1.029,0.105
1676296395,1.026,0.094
1676296395,1.029,0.096
1676296395,1.028,0.1
1676296395,1.027,0.103
1676296395,1.018,0.109
1676296395,1.026,0.1
1676296395,1.028,0.1
1676296395,1.028,0.102
1676296395,1.029,0.098
1676296396,1.027,0.102
1676296396,1.026,0.102
1676296396,1.027,0.101
1676296396,1.026,0.099
1676296396,1.027,0.106
1676296396,1.03,0.101
1676296396,1.028,0.087
1676296396,1.025,0.1
1676296396,1.028,0.105
1676296396,1.028,0.112
1676296396,1.026,0.086
1676296396,1.023,0.1
1676296396,1.026,0.104
1676296396,1.03,0.106
1676296396,1.027,0.099
1676296396,1.027,0.101
1676296396,1.028,0.099
1676296396,1.029,0.103
1676296396,1.026,0.098
1676296396,1.028,0.101
1676296397,1.025,0.093
1676296397,1.03,0.111
1676296397,1.029,0.097
1676296397,1.027,0.1
1676296397,1.026,0.102
1676296397,1.027,0.103
1676296397,1.029,0.099
1676296397,1.031,0.105
1676296397,1.027,0.105
1676296397,1.025,0.107
1676296397,1.029,0.098
1676296397,1.027,0.1
1676296397,1.025,0.101
1676296397,1.028,0.102
1676296397,1.028,0.101
1676296397,1.025,0.097
1676296397,1.033,0.132
1676296397,1.028,0.106
1676296397,1.027,0.103
1676296397,1.027,0.1
1676296398,1.025,0.097
1676296398,1.028,0.108
1676296398,1.028,0.098
1676296398,1.025,0.102
1676296398,1.026,0.104
1676296398,1.024,0.091
1676296398,1.025,0.095
1676296398,1.029,0.101
1676296398,1.028,0.106
1676296398,1.029,0.102
1676296398,1.03,0.1
1676296398,1.025,0.101
1676296398,1.026,0.11
1676296398,1.023,0.099
1676296398,1.025,0.103
1676296398,1.028,0.102
1676296398,1.024,0.1
1676296398,1.024,0.099
1676296398,1.024,0.097
1676296398,1.025,0.096
1676296399,1.025,0.095
1676296399,1.026,0.1
1676296399,1.028,0.103
1676296399,1.026,0.106
1676296399,1.027,0.101
1676296399,1.027,0.101
1676296399,1.026,0.098
1676296399,1.027,0.093
1676296399,1.026,0.098
1676296399,1.023,0.095
1676296399,1.023,0.099
1676296399,1.026,0.097
1676296399,1.027,0.094
1676296399,1.026,0.099
1676296399,1.025,0.1
1676296399,1.028,0.108
1676296399,1.025,0.109
1676296399,1.028,0.102
1676296399,1.024,0.098
1676296399,1.026,0.092
1676296400,1.024,0.099
1676296400,1.027,0.097
1676296400,1.027,0.105
1676296400,1.025,0.098
1676296400,1.028,0.103
1676296400,1.029,0.096
1676296400,1.029,0.1
1676296400,1.03,0.094
1676296400,1.027,0.1
1676296400,1.028,0.105
1676296400,1.027,0.101
1676296400,1.026,0.104
1676296400,1.028,0.097
1676296400,1.028,0.101
1676296400,1.031,0.11
1676296400,1.027,0.1
1676296400,1.023,0.102
1676296400,1.025,0.104
1676296400,1.028,0.106
1676296400,1.025,0.112
1676296401,1.028,0.09
1676296401,1.029,0.106
1676296401,1.028,0.097
1676296401,1.027,0.106
1676296401,1.027,0.094
1676296401,1.028,0.094
1676296401,1.026,0.105
1676296401,1.024,0.098
1676296401,1.026,0.094
1676296401,1.026,0.096
1676296401,1.028,0.091
1676296401,1.027,0.105
1676296401,1.027,0.097
1676296401,1.026,0.099
1676296401,1.029,0.088
1676296401,1.028,0.099
1676296401,1.025,0.101
1676296401,1.027,0.109
1676296401,1.028,0.098
1676296401,1.026,0.099
1676296402,1.027,0.103
1676296402,1.029,0.098
1676296402,1.028,0.104
1676296402,1.027,0.095
1676296402,1.028,0.099
1676296402,1.028,0.107
1676296402,1.022,0.094
1676296402,1.026,0.096
1676296402,1.029,0.1
1676296402,1.026,0.111
1676296402,1.029,0.103
1676296402,1.027,0.109
1676296402,1.025,0.102
1676296402,1.031,0.092
1676296402,1.026,0.097
1676296402,1.028,0.096
1676296402,1.028,0.106
1676296402,1.026,0.1
1676296402,1.026,0.095
1676296402,1.027,0.089
1676296403,1.027,0.101
1676296403,1.027,0.098
1676296403,1.027,0.099
1676296403,1.029,0.099
1676296403,1.028,0.095
1676296403,1.027,0.089
1676296403,1.028,0.091
1676296403,1.027,0.098
1676296403,1.028,0.104
1676296403,1.028,0.103
1676296403,1.026,0.097
1676296403,1.027,0.103
1676296403,1.024,0.092
1676296403,1.026,0.098
1676296403,1.026,0.101
1676296403,1.027,0.09
1676296403,1.023,0.089
1676296403,1.025,0.108
1676296403,1.025,0.101
1676296403,1.026,0.097
1676296404,1.025,0.099
1676296404,1.025,0.1
1676296404,1.025,0.106
1676296404,1.028,0.098
1676296404,1.026,0.093
1676296404,1.027,0.091
1676296404,1.026,0.1
1676296404,1.025,0.093
1676296404,1.028,0.091
1676296404,1.026,0.1
1676296404,1.026,0.095
1676296404,1.03,0.103
1676296404,1.025,0.098
1676296404,1.026,0.099
1676296404,1.028,0.09
1676296404,1.027,0.097
1676296404,1.027,0.092
1676296404,1.027,0.095
1676296404,1.028,0.096
1676296404,1.026,0.095
1676296405,1.026,0.091
1676296405,1.029,0.101
1676296405,1.029,0.107
1676296405,1.028,0.101
1676296405,1.027,0.105
1676296405,1.028,0.098
1676296405,1.027,0.095
1676296405,1.027,0.1
1676296405,1.027,0.1
1676296405,1.025,0.095
1676296405,1.027,0.105
1676296405,1.025,0.099
1676296405,1.026,0.096
1676296405,1.026,0.1
1676296405,1.025,0.097
1676296405,1.026,0.096
1676296405,1.024,0.107
1676296405,1.028,0.105
1676296405,1.023,0.101
1676296405,1.027,0.101
1676296406,1.029,0.097
1676296406,1.027,0.095
1676296406,1.027,0.096
1676296406,1.027,0.071
1676296406,1.027,0.14
1676296406,1.026,0.065
1676296406,1.024,0.094
1676296406,1.03,0.08
1676296406,1.025,0.079
1676296406,1.03,0.105
1676296406,1.026,0.113
1676296406,1.028,0.09
1676296406,1.026,0.061
1676296406,1.026,0.095
1676296406,1.029,0.112
1676296406,1.028,0.11
1676296406,1.024,0.072
1676296406,1.026,0.113
1676296406,1.024,0.083
1676296406,1.026,0.088
1676296407,1.027,0.124
1676296407,1.03,0.139
1676296407,1.031,0.129
1676296407,1.026,0.077
1676296407,1.024,-0.014
1676296407,1.029,0.16
1676296407,1.026,0.117
1676296407,1.026,0.115
1676296407,1.026,0.122
1676296407,1.027,0.149
1676296407,1.025,0.082
1676296407,1.024,0.086
1676296407,1.028,0.107
1676296407,1.027,0.055
1676296407,1.025,0.127
1676296407,1.026,0.098
1676296407,1.028,0.147
1676296407,1.025,0.097
1676296407,1.027,0.105
1676296407,1.024,0.136
1676296408,1.03,0.168
1676296408,1.027,0.166
1676296408,1.027,0.04
1676296408,1.024,0.046
1676296408,1.029,0.119
1676296408,1.031,0.149
1676296408,1.029,0.149
1676296408,1.026,0.032
1676296408,1.024,0.077
1676296408,1.027,0.065
1676296408,1.026,0.163
1676296408,1.028,0.131
1676296408,1.026,0.058
1676296408,1.027,0.089
1676296408,1.026,0.081
1676296408,1.03,0.146
1676296408,1.026,0.09
1676296408,1.023,0.081
1676296408,1.029,0.123
1676296408,1.028,0.1
1676296409,1.03,0.132
1676296409,1.029,0.141
1676296409,1.03,0.132
1676296409,1.027,0.114
1676296409,1.028,0.105
1676296409,1.029,0.097
1676296409,1.029,0.099
1676296409,1.027,0.085
1676296409,1.03,0.102
1676296409,1.028,0.102
1676296409,1.028,0.09
1676296409,1.03,0.102
1676296409,1.026,0.095
1676296409,1.029,0.11
1676296409,1.025,0.105
1676296409,1.027,0.097
1676296409,1.026,0.09
1676296409,1.027,0.094
1676296409,1.028,0.095
1676296409,1.026,0.092
1676296410,1.03,0.096
1676296410,1.029,0.104
1676296410,1.028,0.1
1676296410,1.027,0.096
1676296410,1.03,0.099
1676296410,1.026,0.095
1676296410,1.028,0.106
1676296410,1.027,0.099
1676296410,1.026,0.091
1676296410,1.025,0.094
1676296410,1.029,0.095
1676296410,1.028,0.093
1676296410,1.028,0.104
1676296410,1.024,0.107
1676296410,1.028,0.105
1676296410,1.026,0.099
1676296410,1.023,0.103
1676296410,1.031,0.093
1676296410,1.026,0.099
1676296410,1.026,0.094
1676296411,1.027,0.094
1676296411,1.025,0.099
1676296411,1.028,0.102
1676296411,1.029,0.101
1676296411,1.027,0.098
1676296411,1.027,0.099
1676296411,1.028,0.094
1676296411,1.025,0.097
1676296411,1.026,0.106
1676296411,1.027,0.102
1676296411,1.027,0.098
1676296411,1.026,0.094
1676296411,1.029,0.102
1676296411,1.029,0.089
1676296411,1.026,0.11
1676296411,1.027,0.094
1676296411,1.028,0.099
1676296411,1.026,0.098
1676296411,1.026,0.096
1676296411,1.025,0.1
1676296412,1.027,0.1
1676296412,1.03,0.111
1676296412,1.025,0.092
1676296412,1.028,0.104
1676296412,1.029,0.093
1676296412,1.028,0.09
1676296412,1.025,0.097
1676296412,1.027,0.094
1676296412,1.027,0.089
1676296412,1.022,0.124
1676296412,1.028,0.143
1676296412,1.024,0.094
1676296412,1.028,0.102
1676296412,1.03,0.115
1676296412,1.028,0.086
1676296412,1.025,0.105
1676296412,1.029,0.089
1676296412,1.026,0.107
1676296412,1.026,0.087
1676296412,1.028,0.103
1676296413,1.026,0.101
1676296413,1.027,0.096
1676296413,1.026,0.091
1676296413,1.026,0.098
1676296413,1.025,0.099
1676296413,1.028,0.11
1676296413,1.026,0.091
1676296413,1.024,0.099
1676296413,1.028,0.1
1676296413,1.027,0.094
1676296413,1.029,0.099
1676296413,1.026,0.093
1676296413,1.029,0.104
1676296413,1.023,0.093
1676296413,1.026,0.112
1676296413,1.028,0.104
1676296413,1.026,0.102
1676296413,1.026,0.096
1676296413,1.025,0.098
1676296413,1.027,0.099
1676296414,1.028,0.1
1676296414,1.028,0.099
1676296414,1.029,0.101
1676296414,1.028,0.098
1676296414,1.028,0.099
1676296414,1.024,0.099
1676296414,1.027,0.107
1676296414,1.029,0.095
1676296414,1.029,0.091
1676296414,1.027,0.102
1676296414,1.03,0.103
1676296414,1.028,0.102
1676296414,1.029,0.096
1676296414,1.03,0.094
1676296414,1.025,0.101
1676296414,1.028,0.097
1676296414,1.028,0.091
1676296414,1.028,0.11
1676296414,1.027,0.108
1676296414,1.028,0.099
1676296415,1.027,0.099
1676296415,1.028,0.09
1676296415,1.03,0.101
1676296415,1.025,0.094
1676296415,1.023,0.092
1676296415,1.029,0.098
1676296415,1.029,0.098
1676296415,1.03,0.101
1676296415,1.028,0.096
1676296415,1.025,0.099
1676296415,1.03,0.099
1676296415,1.027,0.099
1676296415,1.028,0.103
1676296415,1.025,0.106
1676296415,1.031,0.101
1676296415,1.026,0.087
1676296415,1.027,0.063
1676296415,1.027,0.098
1676296415,1.028,0.095
1676296415,1.027,0.113
1676296416,1.028,0.141
1676296416,1.029,0.126
1676296416,1.025,0.06
1676296416,1.027,0.092
1676296416,1.026,0.127
1676296416,1.033,0.093
1676296416,1.029,0.108
1676296416,1.027,0.118
1676296416,1.029,0.106
1676296416,1.028,0.115
1676296416,1.025,0.09
1676296416,1.026,0.096
1676296416,1.028,0.12
1676296416,1.027,0.101
1676296416,1.029,0.106
1676296416,1.03,0.082
1676296416,1.027,0.115
1676296416,1.024,0.034
1676296416,1.029,0.092
1676296416,1.021,0.074
1676296417,1.027,0.088
1676296417,1.031,0.149
1676296417,1.027,0.073
1676296417,1.03,0.074
1676296417,1.026,0.12
1676296417,1.028,0.156
1676296417,1.027,0.08
1676296417,1.025,0.068
1676296417,1.026,0.09
1676296417,1.024,0.114
1676296417,1.03,0.125
1676296417,1.027,0.116
1676296417,1.029,0.138
1676296417,1.031,0.148
1676296417,1.024,0.07
1676296417,1.029,0.096
1676296417,1.028,0.078
1676296417,1.024,0.063
1676296417,1.028,0.101
1676296417,1.028,0.135
