,Channel A Last (V),Channel B Last (V)
1675951447,1.005,0.08
1675951447,1.007,0.079
1675951447,1.005,0.079
1675951448,1.005,0.067
1675951448,1.006,0.079
1675951448,1.007,0.074
1675951448,1.007,0.077
1675951448,1.005,0.084
1675951448,1.007,0.074
1675951448,1.007,0.077
1675951448,1.006,0.072
1675951448,1.007,0.079
1675951448,1.004,0.078
1675951448,1.008,0.076
1675951448,1.005,0.076
1675951448,1.006,0.075
1675951448,1.008,0.084
1675951448,1.009,0.073
1675951448,1.005,0.084
1675951448,1.009,0.081
1675951448,1.012,0.062
1675951448,1.005,0.081
1675951448,1.005,0.073
1675951449,1.007,0.078
1675951449,1.009,0.074
1675951449,1.008,0.074
1675951449,1.007,0.073
1675951449,1.005,0.071
1675951449,1.007,0.084
1675951449,1.005,0.08
1675951449,1.006,0.07
1675951449,1.009,0.069
1675951449,1.01,0.073
1675951449,1.008,0.074
1675951449,1.013,0.082
1675951449,1.007,0.071
1675951449,1.008,0.078
1675951449,1.009,0.073
1675951449,1.006,0.081
1675951449,1.007,0.077
1675951449,1.002,0.079
1675951449,1.007,0.08
1675951449,1.005,0.066
1675951450,1.004,0.075
1675951450,1.007,0.075
1675951450,1.008,0.07
1675951450,1.008,0.072
1675951450,1.007,0.078
1675951450,1.005,0.08
1675951450,1.009,0.074
1675951450,1.007,0.075
1675951450,1.008,0.08
1675951450,1.006,0.083
1675951450,1.004,0.073
1675951450,1.009,0.089
1675951450,1.005,0.079
1675951450,1.007,0.073
1675951450,1.006,0.085
1675951450,1.008,0.076
1675951450,1.005,0.08
1675951450,1.006,0.064
1675951450,0.999,0.081
1675951450,1.007,0.083
1675951451,1.006,0.076
1675951451,1.003,0.074
1675951451,1.004,0.078
1675951451,1.007,0.083
1675951451,1.003,0.08
1675951451,1.002,0.082
1675951451,1.006,0.08
1675951451,1.009,0.075
1675951451,1.009,0.081
1675951451,1.004,0.076
1675951451,1.008,0.07
1675951451,1.003,0.075
1675951451,1.009,0.086
1675951451,1.007,0.076
1675951451,1.005,0.071
1675951451,1.007,0.083
1675951451,1.002,0.077
1675951451,1.01,0.08
1675951451,1.006,0.077
1675951451,1.005,0.079
1675951452,1.007,0.076
1675951452,1.008,0.074
1675951452,1.006,0.085
1675951452,1.006,0.068
1675951452,1.005,0.08
1675951452,1.008,0.084
1675951452,1.005,0.07
1675951452,1.009,0.076
1675951452,1.007,0.071
1675951452,1.007,0.083
1675951452,1.004,0.083
1675951452,1.005,0.073
1675951452,1.009,0.082
1675951452,1.005,0.082
1675951452,1.005,0.077
1675951452,1.005,0.088
1675951452,1.006,0.085
1675951452,1.008,0.083
1675951452,1.004,0.073
1675951452,1.005,0.084
1675951453,1.005,0.08
1675951453,1.007,0.075
1675951453,1.007,0.073
1675951453,1.008,0.078
1675951453,1.005,0.089
1675951453,1.01,0.072
1675951453,1.007,0.079
1675951453,1.005,0.079
1675951453,1.007,0.076
1675951453,1.005,0.086
1675951453,1.005,0.08
1675951453,1.009,0.077
1675951453,1.007,0.069
1675951453,1.005,0.082
1675951453,1.006,0.082
1675951453,1.003,0.072
1675951453,1.006,0.073
1675951453,1.007,0.079
1675951453,1.008,0.073
1675951453,1.008,0.083
1675951454,1.009,0.077
1675951454,1.004,0.081
1675951454,1.007,0.071
1675951454,1.009,0.073
1675951454,1.006,0.077
1675951454,1.006,0.079
1675951454,1.009,0.074
1675951454,1.007,0.074
1675951454,1.008,0.071
1675951454,1.008,0.072
1675951454,1.003,0.072
1675951454,1.006,0.076
1675951454,1.006,0.074
1675951454,1.007,0.072
1675951454,1.008,0.075
1675951454,1.005,0.078
1675951454,1.006,0.068
1675951454,1.008,0.083
1675951454,1.008,0.078
1675951454,1.009,0.081
1675951455,1.013,0.075
1675951455,1.008,0.068
1675951455,1.007,0.084
1675951455,1.008,0.073
1675951455,1.007,0.069
1675951455,1.007,0.077
1675951455,1.007,0.078
1675951455,1.008,0.075
1675951455,1.005,0.072
1675951455,1.007,0.076
1675951455,1.008,0.073
1675951455,1.008,0.075
1675951455,1.005,0.078
1675951455,1.007,0.077
1675951455,1.01,0.083
1675951455,1.009,0.071
1675951455,1.005,0.079
1675951455,1.009,0.071
1675951455,1.006,0.075
1675951455,1.008,0.073
1675951456,1.006,0.082
1675951456,1.008,0.078
1675951456,1.005,0.078
1675951456,1.008,0.073
1675951456,1.008,0.076
1675951456,1.008,0.08
1675951456,1.006,0.084
1675951456,1.009,0.074
1675951456,1.009,0.079
1675951456,1.006,0.069
1675951456,1.009,0.078
1675951456,1.004,0.075
1675951456,1.007,0.074
1675951456,1.005,0.069
1675951456,1.008,0.07
1675951456,1.004,0.085
1675951456,1.008,0.077
1675951456,1.007,0.076
1675951456,1.006,0.076
1675951456,1.005,0.074
1675951457,1.008,0.071
1675951457,1.006,0.074
1675951457,1.006,0.089
1675951457,1.003,0.083
1675951457,1.005,0.066
1675951457,1.006,0.087
1675951457,1.004,0.077
1675951457,1.008,0.076
1675951457,1.008,0.077
1675951457,1.007,0.076
1675951457,1.009,0.084
1675951457,1.003,0.068
1675951457,1.007,0.075
1675951457,1.004,0.072
1675951457,1.007,0.076
1675951457,1.008,0.074
1675951457,1.006,0.079
1675951457,1.006,0.075
1675951457,1.007,0.081
1675951457,1.008,0.079
1675951458,1.009,0.073
1675951458,1.007,0.079
1675951458,1.006,0.083
1675951458,1.006,0.072
1675951458,1.005,0.076
1675951458,1.004,0.076
1675951458,1.006,0.067
1675951458,1.005,0.085
1675951458,1.007,0.075
1675951458,1.01,0.07
1675951458,1.006,0.083
1675951458,1.007,0.079
1675951458,1.007,0.078
1675951458,1.006,0.075
1675951458,1.006,0.073
1675951458,1.007,0.075
1675951458,1.008,0.085
1675951458,1.007,0.077
1675951458,1.008,0.072
1675951458,1.007,0.069
1675951459,1.005,0.079
1675951459,1.007,0.077
1675951459,1.007,0.07
1675951459,1.006,0.078
1675951459,1.005,0.076
1675951459,1.007,0.072
1675951459,1.007,0.075
1675951459,1.005,0.073
1675951459,1.01,0.077
1675951459,1.005,0.07
1675951459,1.006,0.072
1675951459,1.008,0.073
1675951459,1.01,0.077
1675951459,1.008,0.075
1675951459,1.007,0.079
1675951459,1.007,0.076
1675951459,1.008,0.072
1675951459,1.006,0.064
1675951459,1.01,0.081
1675951459,1.009,0.078
1675951460,1.005,0.08
1675951460,1.008,0.066
1675951460,1.007,0.076
1675951460,1.007,0.079
1675951460,1.009,0.074
1675951460,1.008,0.075
1675951460,1.005,0.072
1675951460,1.008,0.074
1675951460,1.008,0.073
1675951460,1.01,0.074
1675951460,1.006,0.073
1675951460,1.006,0.083
1675951460,1.01,0.076
1675951460,1.005,0.081
1675951460,1.007,0.08
1675951460,1.008,0.076
1675951460,1.005,0.073
1675951460,1.007,0.069
1675951460,1.007,0.071
1675951460,1.006,0.077
1675951461,1.006,0.075
1675951461,1.009,0.081
1675951461,1.008,0.082
1675951461,1.004,0.072
1675951461,1.007,0.075
1675951461,1.004,0.079
1675951461,1.008,0.074
1675951461,1.01,0.081
1675951461,1.008,0.075
1675951461,1.008,0.079
1675951461,1.004,0.077
1675951461,1.006,0.075
1675951461,1.006,0.07
1675951461,1.005,0.071
1675951461,1.008,0.07
1675951461,1.005,0.072
1675951461,1.008,0.079
1675951461,1.006,0.078
1675951461,1.006,0.078
1675951461,1.004,0.072
1675951462,1.006,0.083
1675951462,1.002,0.071
1675951462,1.007,0.074
1675951462,1.006,0.076
1675951462,1.004,0.077
1675951462,1.005,0.076
1675951462,1.007,0.085
1675951462,1.007,0.08
1675951462,1.007,0.072
1675951462,1.004,0.079
1675951462,1.006,0.079
1675951462,1.009,0.075
1675951462,1.006,0.071
1675951462,1.007,0.076
1675951462,1.007,0.08
1675951462,1.007,0.079
1675951462,1.008,0.072
1675951462,1.005,0.079
1675951462,1.005,0.077
1675951462,1.007,0.069
1675951463,1.002,0.082
1675951463,1.005,0.078
1675951463,1.006,0.077
1675951463,1.011,0.08
1675951463,1.007,0.074
1675951463,1.007,0.08
1675951463,1.008,0.074
1675951463,1.006,0.07
1675951463,1.007,0.085
1675951463,1.004,0.078
1675951463,1.005,0.077
1675951463,1.007,0.077
1675951463,1.004,0.08
1675951463,1.007,0.077
1675951463,1,0.093
1675951463,1.005,0.078
1675951463,1.01,0.088
1675951463,1.009,0.071
1675951463,1.009,0.074
1675951463,1.008,0.084
1675951464,1.004,0.08
1675951464,1.006,0.073
1675951464,1.006,0.079
1675951464,1.008,0.075
1675951464,1.009,0.077
1675951464,1.008,0.086
1675951464,1.007,0.079
1675951464,1.006,0.076
1675951464,1.008,0.076
1675951464,1.003,0.075
1675951464,1.011,0.085
1675951464,1.008,0.08
1675951464,1.005,0.074
1675951464,1.006,0.075
1675951464,1.007,0.07
1675951464,1.007,0.079
1675951464,1.006,0.08
1675951464,1.003,0.072
1675951464,1.006,0.073
1675951464,1.009,0.077
1675951465,1.004,0.074
1675951465,1.005,0.075
1675951465,1.007,0.079
1675951465,1.006,0.074
1675951465,1.009,0.084
1675951465,1.01,0.08
1675951465,1.006,0.074
1675951465,1.009,0.074
1675951465,1.006,0.087
1675951465,1.008,0.074
1675951465,1.004,0.072
1675951465,1.012,0.076
1675951465,1.008,0.079
1675951465,1.008,0.073
1675951465,1.009,0.074
1675951465,1.007,0.089
1675951465,1.005,0.078
1675951465,1.006,0.073
1675951465,1.006,0.077
1675951465,1.006,0.077
1675951466,1.006,0.076
1675951466,1.005,0.068
1675951466,1.005,0.077
1675951466,1.007,0.067
1675951466,1.006,0.074
1675951466,1.009,0.082
1675951466,1.004,0.078
1675951466,1.005,0.069
1675951466,1.007,0.076
1675951466,1.005,0.07
1675951466,1.004,0.076
1675951466,1.007,0.073
1675951466,1.009,0.078
1675951466,1.007,0.063
1675951466,1.007,0.08
1675951466,1.006,0.078
1675951466,1.008,0.068
1675951466,1.004,0.076
1675951466,1.01,0.08
1675951466,1.005,0.074
1675951467,1.006,0.085
1675951467,1.005,0.073
1675951467,1.007,0.078
1675951467,1.007,0.068
1675951467,1.008,0.08
1675951467,1.006,0.065
1675951467,1.007,0.074
1675951467,1.009,0.075
1675951467,1.008,0.073
1675951467,1.01,0.076
1675951467,1.006,0.063
1675951467,1.006,0.077
1675951467,1.008,0.069
1675951467,1.008,0.079
1675951467,1.006,0.074
1675951467,1.008,0.07
1675951467,1.008,0.126
1675951467,1.006,0.069
1675951467,1.006,0.084
1675951467,1.006,0.077
1675951468,1.01,0.077
1675951468,1.006,0.073
1675951468,1.006,0.076
1675951468,1.005,0.074
1675951468,1.007,0.083
1675951468,1.005,0.082
1675951468,1.009,0.077
1675951468,1.007,0.075
1675951468,1.009,0.069
1675951468,1.01,0.085
1675951468,1.008,0.081
1675951468,1.007,0.078
1675951468,1.008,0.076
1675951468,1.008,0.072
1675951468,1.01,0.079
1675951468,1.006,0.077
1675951468,1.009,0.084
1675951468,1.006,0.074
1675951468,1.008,0.073
1675951468,1.003,0.087
1675951469,1.007,0.082
1675951469,1.003,0.086
1675951469,1.008,0.082
1675951469,1.009,0.066
1675951469,1.009,0.085
1675951469,1.005,0.08
1675951469,1.006,0.079
1675951469,1.006,0.078
1675951469,1.008,0.082
1675951469,1.006,0.078
1675951469,1.004,0.071
1675951469,1.005,0.077
1675951469,1.011,0.075
1675951469,1.006,0.075
1675951469,1.009,0.079
1675951469,1.006,0.072
1675951469,1.006,0.077
1675951469,1.007,0.082
1675951469,1.008,0.075
1675951469,1.009,0.076
1675951470,1.006,0.077
1675951470,1.006,0.071
1675951470,1.005,0.073
1675951470,1.005,0.079
1675951470,1.012,0.077
1675951470,1.006,0.073
1675951470,1.007,0.081
1675951470,1.007,0.082
1675951470,1.008,0.078
1675951470,1.005,0.071
1675951470,1.009,0.081
1675951470,1.003,0.075
1675951470,1.005,0.095
1675951470,1.004,0.079
1675951470,1.008,0.08
1675951470,1.005,0.084
1675951470,1.005,0.081
1675951470,1.007,0.069
1675951470,1.008,0.073
1675951470,1.008,0.083
1675951471,1.005,0.081
1675951471,1.002,0.08
1675951471,1.007,0.083
1675951471,1.002,0.078
1675951471,1.005,0.083
1675951471,1.006,0.076
1675951471,1.007,0.08
1675951471,1.005,0.074
1675951471,1.006,0.079
1675951471,1.006,0.076
1675951471,1.007,0.075
1675951471,1.005,0.078
1675951471,1.006,0.081
1675951471,1.006,0.082
1675951471,1.005,0.085
1675951471,1.004,0.076
1675951471,1.006,0.074
1675951471,1.008,0.071
1675951471,1.007,0.077
1675951471,1.005,0.081
1675951472,1.007,0.078
1675951472,1.007,0.085
1675951472,1.006,0.081
1675951472,1.005,0.078
1675951472,1.003,0.086
1675951472,1.009,0.074
1675951472,1.008,0.08
1675951472,1.005,0.082
1675951472,1.009,0.079
1675951472,1.007,0.08
1675951472,1.007,0.079
1675951472,1.007,0.082
1675951472,1.007,0.085
1675951472,1.006,0.074
1675951472,1.004,0.078
1675951472,1.008,0.075
1675951472,1.008,0.079
1675951472,1.007,0.083
1675951472,1.008,0.091
1675951472,1.007,0.075
1675951473,1.007,0.069
1675951473,1.007,0.076
1675951473,1.006,0.074
1675951473,1.006,0.073
1675951473,1.011,0.08
1675951473,1.007,0.076
1675951473,1.005,0.084
1675951473,1.006,0.08
1675951473,1.008,0.069
1675951473,1.009,0.079
1675951473,1.006,0.078
1675951473,1.006,0.074
1675951473,1.004,0.074
1675951473,1.006,0.074
1675951473,1.005,0.075
1675951473,1.003,0.082
1675951473,1.008,0.072
1675951473,1.008,0.077
1675951473,1.004,0.076
1675951473,1.003,0.076
1675951474,1.007,0.075
1675951474,1.008,0.075
1675951474,1.006,0.07
1675951474,1.008,0.072
1675951474,1.008,0.081
1675951474,1.006,0.078
1675951474,1.007,0.081
1675951474,1.007,0.07
1675951474,1.011,0.079
1675951474,1.005,0.072
1675951474,1.006,0.081
1675951474,1.006,0.073
1675951474,1.004,0.076
1675951474,1.005,0.079
1675951474,1.003,0.057
1675951474,1.007,0.069
1675951474,1.006,0.076
1675951474,1.003,0.082
1675951474,1.006,0.079
1675951474,1.008,0.071
1675951475,1.005,0.087
1675951475,1.007,0.08
1675951475,1.007,0.074
1675951475,1.005,0.074
1675951475,1.005,0.081
1675951475,1.006,0.076
1675951475,1.003,0.072
1675951475,1.007,0.077
1675951475,1.007,0.079
1675951475,1.005,0.072
1675951475,1.007,0.084
1675951475,1.009,0.079
1675951475,1.008,0.072
1675951475,1.005,0.077
1675951475,1.004,0.082
1675951475,1.005,0.076
1675951475,1.005,0.08
1675951475,1.007,0.076
1675951475,1.006,0.076
1675951475,1.003,0.082
1675951476,1.005,0.08
1675951476,1.006,0.078
1675951476,1.005,0.077
1675951476,1.005,0.086
1675951476,1.005,0.077
1675951476,1.01,0.081
1675951476,1.005,0.085
1675951476,1.004,0.077
1675951476,1.004,0.082
1675951476,1.009,0.069
1675951476,1.005,0.08
1675951476,1.006,0.079
1675951476,1.003,0.072
1675951476,1.006,0.086
1675951476,1.005,0.068
1675951476,1.004,0.085
1675951476,1.006,0.09
1675951476,1.005,0.08
1675951476,1.007,0.089
1675951476,1.004,0.069
1675951477,1.003,0.075
1675951477,1.004,0.059
1675951477,1.004,0.08
1675951477,1.007,0.086
1675951477,1.004,0.072
1675951477,1.006,0.101
1675951477,1.006,0.086
1675951477,1.005,0.082
1675951477,1.006,0.072
1675951477,1.005,0.078
1675951477,1.006,0.08
1675951477,1.006,0.077
1675951477,1.003,0.076
1675951477,1.008,0.082
1675951477,1.005,0.078
1675951477,1.005,0.068
1675951477,1.005,0.079
1675951477,1.005,0.075
1675951477,1.007,0.07
1675951477,1.007,0.079
1675951478,1.006,0.082
1675951478,1.008,0.077
1675951478,1.005,0.077
1675951478,1.007,0.075
1675951478,1.003,0.078
1675951478,1.006,0.07
1675951478,1.006,0.079
1675951478,1.01,0.072
1675951478,1.003,0.078
1675951478,1.009,0.082
1675951478,1.007,0.081
1675951478,1.006,0.077
1675951478,1.007,0.08
1675951478,1.008,0.081
1675951478,1.005,0.07
1675951478,1.007,0.08
1675951478,1.006,0.078
1675951478,1.007,0.078
1675951478,1.006,0.073
1675951478,1.01,0.081
1675951479,1.004,0.075
1675951479,1.002,0.075
1675951479,1.005,0.073
1675951479,1.007,0.074
1675951479,1.005,0.08
1675951479,1.007,0.074
1675951479,1.006,0.074
1675951479,1.007,0.075
1675951479,1.004,0.082
1675951479,1.008,0.075
1675951479,1.005,0.066
1675951479,1.005,0.076
1675951479,1.006,0.074
1675951479,1.005,0.075
1675951479,1.006,0.078
1675951479,1.006,0.073
1675951479,1.006,0.072
1675951479,1.006,0.075
1675951479,1.01,0.083
1675951479,1.004,0.075
1675951480,1.005,0.08
1675951480,1.006,0.074
1675951480,1.008,0.08
1675951480,1.008,0.084
1675951480,1.005,0.075
1675951480,1.008,0.078
1675951480,1.005,0.074
1675951480,1.005,0.07
1675951480,1.005,0.078
1675951480,1.004,0.076
1675951480,1.003,0.082
1675951480,1.006,0.079
1675951480,1.004,0.078
1675951480,1.005,0.079
1675951480,1.004,0.078
1675951480,1.007,0.074
1675951480,1.004,0.079
1675951480,1.01,0.076
1675951480,1.006,0.081
1675951480,1.006,0.07
1675951481,1.007,0.078
1675951481,1.006,0.073
1675951481,1.005,0.082
1675951481,1.008,0.081
1675951481,1.007,0.071
1675951481,1.006,0.072
1675951481,1.007,0.083
1675951481,1.008,0.078
1675951481,1.005,0.074
1675951481,1.006,0.072
1675951481,1.006,0.075
1675951481,1.005,0.085
1675951481,1.005,0.075
1675951481,1.012,0.077
1675951481,1.006,0.076
1675951481,1.006,0.077
1675951481,1.005,0.071
1675951481,1.004,0.075
1675951481,1.006,0.074
1675951481,1.007,0.078
1675951482,1.008,0.069
1675951482,1.006,0.081
1675951482,1.009,0.08
1675951482,1.006,0.082
1675951482,1.009,0.077
1675951482,1.007,0.074
1675951482,1.004,0.081
1675951482,1.007,0.112
1675951482,1.007,0.08
1675951482,1.003,0.076
1675951482,1.002,0.065
1675951482,1.003,0.083
1675951482,1.006,0.061
1675951482,1.005,0.095
1675951482,1.007,0.08
1675951482,1.01,0.084
1675951482,1.008,0.075
1675951482,1.007,0.083
1675951482,1.012,0.078
1675951482,1.007,0.074
1675951483,1.005,0.079
1675951483,1.003,0.075
1675951483,1.006,0.075
1675951483,1.005,0.076
1675951483,1.003,0.084
1675951483,1.006,0.081
1675951483,1.004,0.076
1675951483,1.003,0.073
1675951483,1.005,0.082
1675951483,1.008,0.072
1675951483,1.003,0.073
1675951483,1.007,0.074
1675951483,1.009,0.077
1675951483,1.002,0.068
1675951483,1.003,0.075
1675951483,1.008,0.078
1675951483,1.005,0.071
1675951483,1.008,0.074
1675951483,1.007,0.083
1675951483,1.005,0.076
1675951484,1.01,0.075
1675951484,1.007,0.075
1675951484,1.011,0.079
1675951484,1.009,0.08
1675951484,1.008,0.072
1675951484,1.003,0.078
1675951484,1.004,0.082
1675951484,1.004,0.082
1675951484,1.005,0.07
1675951484,1.008,0.071
1675951484,1.007,0.075
1675951484,1.007,0.075
1675951484,1.009,0.076
1675951484,1.004,0.069
1675951484,1.005,0.084
1675951484,1.008,0.075
1675951484,1.006,0.077
1675951484,1.005,0.075
1675951484,1.007,0.076
1675951484,1.006,0.08
1675951485,1.011,0.065
1675951485,1.005,0.081
1675951485,1.005,0.082
1675951485,1.006,0.081
1675951485,1.007,0.075
1675951485,1.006,0.079
1675951485,1.005,0.067
1675951485,1.003,0.082
1675951485,1.008,0.071
1675951485,1.005,0.073
1675951485,1.005,0.069
1675951485,1.008,0.083
1675951485,1.006,0.074
1675951485,1.008,0.077
1675951485,1.004,0.069
1675951485,1.004,0.07
1675951485,1.005,0.078
1675951485,1.007,0.073
1675951485,1.007,0.076
1675951485,1.007,0.072
1675951486,1.009,0.069
1675951486,1.007,0.073
1675951486,1.006,0.075
1675951486,1.005,0.082
1675951486,1.007,0.082
1675951486,1.006,0.076
1675951486,1.005,0.079
1675951486,1.008,0.068
1675951486,1.006,0.08
1675951486,1.008,0.082
1675951486,1.005,0.089
1675951486,1.01,0.069
1675951486,1.006,0.077
1675951486,1.005,0.079
1675951486,1.006,0.07
1675951486,1.008,0.078
1675951486,1.009,0.082
1675951486,1.005,0.081
1675951486,1.007,0.075
1675951486,1.007,0.067
1675951487,1.006,0.074
1675951487,1.006,0.079
1675951487,1.003,0.072
1675951487,1.008,0.083
1675951487,1.007,0.078
1675951487,1.003,0.072
1675951487,1.006,0.077
1675951487,1.008,0.082
1675951487,1.004,0.075
1675951487,1.005,0.077
1675951487,1.007,0.081
1675951487,1.008,0.066
1675951487,1.008,0.08
1675951487,1.007,0.079
1675951487,1.01,0.072
1675951487,1.008,0.08
1675951487,1.011,0.069
1675951487,1.008,0.076
1675951487,1.004,0.077
1675951487,1.006,0.077
1675951488,1.005,0.066
1675951488,1.007,0.082
1675951488,1.008,0.084
1675951488,1.011,0.087
1675951488,1.01,0.067
1675951488,1.005,0.067
1675951488,1.001,0.076
1675951488,1.006,0.075
1675951488,1.008,0.073
1675951488,1.006,0.061
1675951488,1.006,0.074
1675951488,1.006,0.087
1675951488,1.004,0.065
1675951488,1.006,0.076
1675951488,1.003,0.081
1675951488,1.005,0.071
1675951488,1.005,0.076
1675951488,1.007,0.073
1675951488,1.005,0.079
1675951488,1.009,0.089
1675951489,1.01,0.085
1675951489,1.006,0.081
1675951489,1.007,0.073
1675951489,1.007,0.083
1675951489,1.008,0.084
1675951489,1.009,0.082
1675951489,1.009,0.08
1675951489,1.008,0.082
1675951489,1.007,0.075
1675951489,1.008,0.076
1675951489,1.005,0.07
1675951489,1.006,0.072
1675951489,1.007,0.057
1675951489,1.008,0.074
1675951489,1.008,0.065
1675951489,1.007,0.077
1675951489,1.009,0.101
1675951489,1.006,0.076
1675951489,1.007,0.079
1675951489,1.009,0.085
1675951490,1.005,0.07
1675951490,1.003,0.061
1675951490,1.005,0.064
1675951490,1.006,0.069
1675951490,1.005,0.076
1675951490,1.012,0.074
1675951490,1.009,0.079
1675951490,1.004,0.065
1675951490,1.004,0.077
1675951490,1.012,0.082
1675951490,1.008,0.076
1675951490,1.006,0.078
1675951490,1.008,0.068
1675951490,1.006,0.066
1675951490,1.003,0.053
1675951490,1.006,0.065
1675951490,1.006,0.06
1675951490,1.002,0.057
1675951490,1.004,0.072
1675951490,1.007,0.062
1675951491,1.009,0.093
1675951491,1.007,0.081
1675951491,1.004,0.086
1675951491,1.01,0.072
1675951491,1.008,0.074
1675951491,1.008,0.069
1675951491,1.011,0.084
1675951491,1.007,0.089
1675951491,1.007,0.082
1675951491,1.006,0.074
1675951491,1.009,0.096
1675951491,1.008,0.08
1675951491,1.005,0.069
1675951491,1.006,0.084
1675951491,1.004,0.083
1675951491,1.007,0.085
1675951491,1.009,0.096
1675951491,1.008,0.067
1675951491,1.008,0.057
1675951491,1.007,0.077
1675951492,1.008,0.062
1675951492,1.006,0.087
1675951492,1.01,0.079
1675951492,1.009,0.075
1675951492,1.006,0.079
1675951492,1.009,0.102
1675951492,1.004,0.074
1675951492,1.007,0.09
1675951492,1.006,0.098
1675951492,1.007,0.072
1675951492,1.005,0.082
1675951492,1.01,0.1
1675951492,1.006,0.059
1675951492,1.008,0.072
1675951492,1.007,0.069
1675951492,1.007,0.063
1675951492,1.009,0.101
1675951492,1.009,0.1
1675951492,1.009,0.105
1675951492,1.004,0.063
1675951493,1.007,0.065
1675951493,1.004,0.049
1675951493,1.007,0.083
1675951493,1.006,0.078
1675951493,1.008,0.077
1675951493,1.006,0.081
1675951493,1.007,0.08
1675951493,1.006,0.075
1675951493,1.004,0.068
1675951493,1.01,0.069
1675951493,1.007,0.077
1675951493,1.005,0.077
1675951493,1.009,0.076
1675951493,1.005,0.081
1675951493,1.005,0.077
1675951493,1.01,0.086
1675951493,1.003,0.076
1675951493,1.01,0.095
1675951493,1.003,0.085
1675951493,1.005,0.096
1675951494,1.007,0.08
1675951494,1.004,0.079
1675951494,1.008,0.08
1675951494,1.005,0.067
1675951494,1.006,0.087
1675951494,1.004,0.077
1675951494,1.005,0.074
1675951494,1.007,0.083
1675951494,1.007,0.079
1675951494,1.007,0.073
1675951494,1.008,0.071
1675951494,1.009,0.069
1675951494,1.007,0.076
1675951494,1.006,0.082
1675951494,1.008,0.082
1675951494,1.006,0.067
1675951494,1.008,0.073
1675951494,1.007,0.077
1675951494,1.006,0.077
1675951494,1.007,0.068
1675951495,1.009,0.062
1675951495,1.006,0.076
1675951495,1.005,0.082
1675951495,1.009,0.072
1675951495,1.009,0.077
1675951495,1.008,0.077
1675951495,1.009,0.076
1675951495,1.008,0.078
1675951495,1.009,0.071
1675951495,1.006,0.079
1675951495,1.006,0.08
1675951495,1.006,0.081
1675951495,1.009,0.078
1675951495,1.006,0.076
1675951495,1.002,0.075
1675951495,1.01,0.076
1675951495,1.008,0.073
1675951495,1.009,0.087
1675951495,1.01,0.08
1675951495,1.009,0.08
1675951496,1.006,0.075
1675951496,1.009,0.074
1675951496,1.007,0.075
1675951496,1.005,0.083
1675951496,1.007,0.081
1675951496,1.007,0.076
1675951496,1.004,0.075
1675951496,1.007,0.083
1675951496,1.008,0.076
1675951496,1.01,0.071
1675951496,1.007,0.066
1675951496,1.01,0.081
1675951496,1.009,0.081
1675951496,1.008,0.082
1675951496,1.007,0.081
1675951496,1.009,0.079
1675951496,1.006,0.074
1675951496,1.006,0.071
1675951496,1.008,0.066
1675951496,1.007,0.082
1675951497,1.008,0.077
1675951497,1.005,0.087
1675951497,1.006,0.076
1675951497,1.009,0.081
1675951497,1.006,0.085
1675951497,1.006,0.076
1675951497,1.01,0.078
1675951497,1.005,0.079
1675951497,1.007,0.083
1675951497,1.009,0.079
1675951497,1.006,0.08
1675951497,1.004,0.083
1675951497,1.009,0.074
1675951497,1.004,0.08
1675951497,1.006,0.082
1675951497,1.003,0.074
1675951497,1.006,0.076
1675951497,1.006,0.086
1675951497,1.003,0.08
1675951497,1.008,0.082
1675951498,1.009,0.074
1675951498,1.006,0.073
1675951498,1.006,0.079
1675951498,1.009,0.077
1675951498,1.008,0.074
1675951498,1.009,0.08
1675951498,1.009,0.077
1675951498,1.005,0.081
1675951498,1.008,0.076
1675951498,1.008,0.076
1675951498,1.008,0.072
1675951498,1.009,0.073
1675951498,1.01,0.081
1675951498,1.009,0.082
1675951498,1.007,0.076
1675951498,1.01,0.074
1675951498,1.007,0.074
1675951498,1.009,0.075
1675951498,1.007,0.081
1675951498,1.006,0.078
1675951499,1.006,0.079
1675951499,1.008,0.078
1675951499,1.005,0.08
1675951499,1.009,0.084
1675951499,1.009,0.071
1675951499,1.009,0.077
1675951499,1.01,0.085
1675951499,1.006,0.07
1675951499,1.008,0.074
1675951499,1.01,0.078
1675951499,1.01,0.081
1675951499,1.008,0.076
1675951499,1.009,0.075
1675951499,1.006,0.071
1675951499,1.005,0.076
1675951499,1.007,0.084
1675951499,1.005,0.087
1675951499,1.008,0.076
1675951499,1.006,0.081
1675951499,1.006,0.079
1675951500,1.003,0.077
1675951500,1.007,0.08
1675951500,1.006,0.083
1675951500,1.005,0.073
1675951500,1.009,0.076
1675951500,1.006,0.075
1675951500,1.008,0.077
1675951500,1.007,0.083
1675951500,1.007,0.074
1675951500,1.006,0.073
1675951500,1.009,0.078
1675951500,1.01,0.08
1675951500,1.005,0.084
1675951500,1.003,0.075
1675951500,1.003,0.083
1675951500,1.007,0.086
1675951500,1.006,0.077
1675951500,1.011,0.075
1675951500,1.005,0.083
1675951500,1.006,0.085
1675951501,1.009,0.089
1675951501,1.007,0.072
1675951501,1.009,0.074
1675951501,1.007,0.085
1675951501,1.005,0.08
1675951501,1.006,0.069
1675951501,1.008,0.078
1675951501,1.008,0.074
1675951501,1.006,0.077
1675951501,1.007,0.079
1675951501,1.005,0.079
1675951501,1.004,0.075
1675951501,1.01,0.074
1675951501,1.005,0.074
1675951501,1.006,0.08
1675951501,1.008,0.077
1675951501,1.006,0.079
1675951501,1.005,0.09
1675951501,1.008,0.081
1675951501,1.008,0.08
1675951502,1.009,0.075
1675951502,1.008,0.086
1675951502,1.009,0.082
1675951502,1.004,0.08
1675951502,1.004,0.072
1675951502,1.009,0.08
1675951502,1.008,0.079
1675951502,1.006,0.077
1675951502,1.005,0.083
1675951502,1.008,0.08
1675951502,1.004,0.072
1675951502,1.007,0.077
1675951502,1.008,0.076
1675951502,1.011,0.075
1675951502,1.011,0.082
1675951502,1.007,0.079
1675951502,1.009,0.077
1675951502,1.006,0.074
1675951502,1.006,0.08
1675951502,1.007,0.072
1675951503,1.007,0.08
1675951503,1.006,0.071
1675951503,1.009,0.073
1675951503,1.008,0.079
1675951503,1.009,0.072
1675951503,1.009,0.082
1675951503,1.007,0.076
1675951503,1.009,0.068
1675951503,1.006,0.079
1675951503,1.008,0.082
1675951503,1.008,0.083
1675951503,1.008,0.08
1675951503,1.006,0.079
1675951503,1.009,0.076
1675951503,1.007,0.086
1675951503,1.009,0.079
1675951503,1.007,0.079
1675951503,1.008,0.076
1675951503,1.008,0.073
1675951503,1.007,0.081
1675951504,1.009,0.079
1675951504,1.006,0.083
1675951504,1.008,0.081
1675951504,1.005,0.074
1675951504,1.002,0.072
1675951504,1.007,0.073
1675951504,1.003,0.064
1675951504,1.006,0.076
1675951504,1.008,0.079
1675951504,1.003,0.084
1675951504,1.005,0.075
1675951504,1.008,0.076
1675951504,1.008,0.071
1675951504,1.006,0.07
1675951504,1.006,0.073
1675951504,1.009,0.082
1675951504,1.009,0.079
1675951504,1.009,0.078
1675951504,1.005,0.081
1675951504,1.006,0.071
1675951505,1.006,0.078
1675951505,1.006,0.074
1675951505,1.006,0.084
1675951505,1.005,0.08
1675951505,1.007,0.081
1675951505,1.009,0.083
1675951505,1.003,0.077
1675951505,1.01,0.075
1675951505,1.009,0.081
1675951505,1.007,0.094
1675951505,1.008,0.089
1675951505,1.007,0.07
1675951505,1.005,0.069
1675951505,1.01,0.086
1675951505,1.007,0.089
1675951505,1.006,0.072
1675951505,1.004,0.077
1675951505,1.006,0.092
1675951505,1.007,0.081
1675951505,1.008,0.082
1675951506,1.01,0.083
1675951506,1.005,0.064
1675951506,1.009,0.079
1675951506,1.006,0.075
1675951506,1.007,0.074
1675951506,1.005,0.075
1675951506,1.006,0.078
1675951506,1.011,0.087
1675951506,1.007,0.069
1675951506,1.004,0.084
1675951506,1.007,0.08
1675951506,1.007,0.088
1675951506,1.006,0.07
1675951506,1.005,0.078
1675951506,1.008,0.101
1675951506,1.007,0.098
1675951506,1.007,0.073
1675951506,1.009,0.103
1675951506,1.008,0.079
1675951506,1.007,0.097
1675951507,1.01,0.09
1675951507,1.006,0.068
1675951507,1.009,0.078
1675951507,1.008,0.072
1675951507,1.01,0.074
1675951507,1.003,0.079
1675951507,1.005,0.082
1675951507,1.005,0.068
1675951507,1.009,0.1
1675951507,1.009,0.07
1675951507,1.009,0.1
1675951507,1.009,0.092
1675951507,1.002,0.059
1675951507,1.007,0.074
1675951507,1.004,0.073
1675951507,1.003,0.067
1675951507,1.009,0.078
1675951507,1.008,0.097
1675951507,1.002,0.08
1675951507,1.008,0.073
1675951508,1.004,0.068
1675951508,1.005,0.084
1675951508,1.006,0.06
1675951508,1.006,0.076
1675951508,1.007,0.099
1675951508,1.008,0.079
1675951508,1.009,0.072
1675951508,1.005,0.081
1675951508,1.01,0.102
1675951508,1.007,0.081
1675951508,1.005,0.079
1675951508,1.003,0.069
1675951508,1.006,0.083
1675951508,1.006,0.096
1675951508,1.007,0.087
1675951508,1.015,0.145
1675951508,1.008,0.075
1675951508,1.011,0.095
1675951508,1.007,0.057
1675951508,1.004,0.061
1675951509,1.007,0.104
1675951509,1.008,0.068
1675951509,1.006,0.077
1675951509,1.005,0.079
1675951509,1.007,0.069
1675951509,1.004,0.077
1675951509,1.005,0.091
1675951509,1.004,0.086
1675951509,1.009,0.1
1675951509,1.002,0.068
1675951509,1.007,0.073
1675951509,1.006,0.052
1675951509,1.008,0.069
1675951509,1.004,0.066
1675951509,1.008,0.09
1675951509,1.008,0.089
1675951509,1.006,0.081
1675951509,1.007,0.083
1675951509,1.007,0.052
1675951509,1.01,0.064
1675951510,1.008,0.088
1675951510,1.008,0.085
1675951510,1.008,0.086
1675951510,1.011,0.107
1675951510,1.007,0.078
1675951510,1.008,0.073
1675951510,1.007,0.041
1675951510,1.007,0.082
1675951510,1.008,0.084
1675951510,1.008,0.084
1675951510,1.008,0.055
1675951510,1.009,0.076
1675951510,1.008,0.086
1675951510,1.009,0.099
1675951510,1.006,0.068
1675951510,1.007,0.067
1675951510,1.004,0.098
1675951510,1.006,0.081
1675951510,1.008,0.092
1675951510,1.008,0.091
1675951511,1.01,0.08
1675951511,1.009,0.083
1675951511,1.005,0.065
1675951511,1.008,0.084
1675951511,1.005,0.075
1675951511,1.006,0.07
1675951511,1.008,0.083
1675951511,1.007,0.084
1675951511,1.008,0.075
1675951511,1.009,0.08
1675951511,1.007,0.072
1675951511,1.005,0.073
1675951511,1.008,0.072
1675951511,1.005,0.075
1675951511,1.008,0.074
1675951511,1.006,0.076
1675951511,1.008,0.084
1675951511,1.008,0.085
1675951511,1.005,0.067
1675951511,1.009,0.087
1675951512,1.009,0.077
1675951512,1.006,0.09
1675951512,1.01,0.094
1675951512,1.007,0.07
1675951512,1.007,0.085
1675951512,1.005,0.084
1675951512,1.009,0.074
1675951512,1.006,0.081
1675951512,1.008,0.078
1675951512,1.007,0.07
1675951512,1.007,0.076
1675951512,1.006,0.075
1675951512,1.009,0.085
1675951512,1.007,0.079
1675951512,1.007,0.078
1675951512,1.012,0.082
1675951512,1.009,0.082
1675951512,1.001,0.086
1675951512,1.006,0.084
1675951512,1.008,0.073
1675951513,1.009,0.077
1675951513,1.006,0.073
1675951513,1.007,0.082
1675951513,1.008,0.082
1675951513,1.005,0.08
1675951513,1.007,0.081
1675951513,1.005,0.073
1675951513,1.007,0.077
1675951513,1.005,0.078
1675951513,1.009,0.068
1675951513,1.01,0.074
1675951513,1.009,0.073
1675951513,1.008,0.075
1675951513,1.008,0.073
1675951513,1.008,0.078
1675951513,1.011,0.081
1675951513,1.008,0.082
1675951513,1.006,0.074
1675951513,1.007,0.078
1675951513,1.008,0.074
1675951514,1.008,0.08
1675951514,1.006,0.077
1675951514,1.006,0.077
1675951514,1.009,0.078
1675951514,1.006,0.078
1675951514,1.01,0.071
1675951514,1.007,0.079
1675951514,1.006,0.082
1675951514,1.008,0.085
1675951514,1.009,0.081
1675951514,1.008,0.075
1675951514,1.008,0.077
1675951514,1.006,0.083
1675951514,1.006,0.071
1675951514,1.007,0.072
1675951514,1.008,0.082
1675951514,1.009,0.067
1675951514,1.004,0.079
1675951514,1.015,0.072
1675951514,1.006,0.083
1675951515,1.009,0.084
1675951515,1.01,0.077
1675951515,1.008,0.075
1675951515,1.007,0.078
1675951515,1.003,0.079
1675951515,1.005,0.079
1675951515,1.008,0.077
1675951515,1.006,0.077
1675951515,1.009,0.08
1675951515,1.007,0.071
1675951515,1.011,0.068
1675951515,1.007,0.085
1675951515,1.007,0.079
1675951515,1.006,0.082
1675951515,1.009,0.079
1675951515,1.009,0.074
1675951515,1.009,0.077
1675951515,1.008,0.082
1675951515,1.006,0.079
1675951515,1.008,0.067
1675951516,1.008,0.082
1675951516,1.007,0.074
1675951516,1.009,0.085
1675951516,1.006,0.078
1675951516,1.006,0.075
1675951516,1.01,0.076
1675951516,1.006,0.081
1675951516,1.007,0.068
1675951516,1.009,0.08
1675951516,1.008,0.08
1675951516,1.006,0.074
1675951516,1.008,0.082
1675951516,1.004,0.073
1675951516,1.008,0.076
1675951516,1.007,0.081
1675951516,1.007,0.08
1675951516,1.01,0.083
1675951516,1.012,0.081
1675951516,1.009,0.074
1675951516,1.009,0.071
1675951517,1.009,0.081
1675951517,1.008,0.074
1675951517,1.007,0.079
1675951517,1.009,0.075
1675951517,1.007,0.077
1675951517,1.006,0.071
1675951517,1.006,0.075
1675951517,1.009,0.075
1675951517,1.007,0.082
1675951517,1.006,0.07
1675951517,1.008,0.091
1675951517,1.009,0.079
1675951517,1.01,0.092
1675951517,1.008,0.073
1675951517,1.006,0.067
1675951517,1.008,0.068
1675951517,1.008,0.079
1675951517,1.006,0.083
1675951517,1.01,0.071
1675951517,1.009,0.074
1675951518,1.01,0.083
1675951518,1.007,0.08
1675951518,1.01,0.071
1675951518,1.005,0.068
1675951518,1.009,0.09
1675951518,1.006,0.074
1675951518,1.004,0.07
1675951518,1.008,0.08
1675951518,1.007,0.077
1675951518,1.004,0.073
1675951518,1.005,0.076
1675951518,1.006,0.077
1675951518,1.008,0.078
1675951518,1.006,0.083
1675951518,1.006,0.078
1675951518,1.008,0.079
1675951518,1.008,0.072
1675951518,1.007,0.075
1675951518,1.007,0.08
1675951518,1.008,0.077
1675951519,1.005,0.083
1675951519,1.008,0.077
1675951519,1.006,0.074
1675951519,1.005,0.078
1675951519,1.007,0.077
1675951519,1.007,0.082
1675951519,1.007,0.073
1675951519,1.008,0.077
1675951519,1.008,0.087
1675951519,1.007,0.08
1675951519,1.005,0.076
1675951519,1.011,0.078
1675951519,1.002,0.081
1675951519,1.007,0.079
1675951519,1.008,0.081
1675951519,1.008,0.078
1675951519,1.005,0.083
1675951519,1.006,0.079
1675951519,1.006,0.08
1675951519,1.004,0.071
1675951520,1.007,0.079
1675951520,1.008,0.079
1675951520,1.008,0.081
1675951520,1.006,0.086
1675951520,1.007,0.076
1675951520,1.006,0.066
1675951520,1.007,0.082
1675951520,1.007,0.078
1675951520,1.003,0.074
1675951520,1.005,0.077
1675951520,1.003,0.078
1675951520,1.006,0.082
1675951520,1.009,0.076
1675951520,1.008,0.078
1675951520,1.009,0.083
1675951520,1.004,0.081
1675951520,1.006,0.078
1675951520,1.003,0.076
1675951520,1.008,0.077
1675951520,1.01,0.069
1675951521,1.006,0.072
1675951521,1.004,0.073
1675951521,1.007,0.082
1675951521,1.007,0.08
1675951521,1.009,0.082
1675951521,1.007,0.076
1675951521,1.005,0.066
1675951521,1.009,0.072
1675951521,1.005,0.075
1675951521,1.01,0.077
1675951521,1.006,0.079
1675951521,1.006,0.08
1675951521,1.005,0.082
1675951521,1.008,0.079
1675951521,1.007,0.077
1675951521,1.006,0.085
1675951521,1.005,0.083
1675951521,1.004,0.079
1675951521,1.008,0.073
1675951521,1.004,0.074
1675951522,1.007,0.073
1675951522,1.005,0.083
1675951522,1.005,0.07
1675951522,1.005,0.081
1675951522,1.006,0.077
1675951522,1.006,0.074
1675951522,1.007,0.077
1675951522,1.007,0.075
1675951522,1.008,0.081
1675951522,1.006,0.073
1675951522,1.009,0.085
1675951522,1.002,0.081
1675951522,1.007,0.076
1675951522,1.005,0.075
1675951522,1.008,0.081
1675951522,1.009,0.075
1675951522,1.004,0.082
1675951522,1.006,0.08
1675951522,1.003,0.08
1675951522,1.005,0.076
1675951523,1.007,0.059
1675951523,1.005,0.092
1675951523,1.006,0.085
1675951523,1.007,0.073
1675951523,1.006,0.067
1675951523,1.006,0.074
1675951523,1.004,0.068
1675951523,1.01,0.076
1675951523,1.008,0.091
1675951523,1.008,0.082
1675951523,1.004,0.085
1675951523,1.005,0.084
1675951523,1.006,0.081
1675951523,1.004,0.079
1675951523,1.005,0.08
1675951523,1.007,0.08
1675951523,1.005,0.088
1675951523,1.008,0.091
1675951523,1.007,0.079
1675951523,1.008,0.084
1675951524,1.008,0.079
1675951524,1.008,0.07
1675951524,1.01,0.084
1675951524,1.004,0.073
1675951524,1.005,0.086
1675951524,1.004,0.063
1675951524,1.007,0.094
1675951524,1.004,0.068
1675951524,1.005,0.056
1675951524,1.01,0.066
1675951524,1.007,0.099
1675951524,1.005,0.074
1675951524,1.005,0.088
1675951524,1.004,0.084
1675951524,1.007,0.078
1675951524,1.003,0.069
1675951524,1.008,0.085
1675951524,1.005,0.071
1675951524,1.004,0.076
1675951524,1.008,0.088
1675951525,1.008,0.073
1675951525,1.008,0.082
1675951525,1.005,0.061
1675951525,1.008,0.071
1675951525,1.008,0.087
1675951525,1.007,0.074
1675951525,1.006,0.07
1675951525,1.007,0.074
1675951525,1.006,0.082
1675951525,1.007,0.071
1675951525,1.008,0.065
1675951525,1.006,0.092
1675951525,1.008,0.075
1675951525,1.006,0.073
1675951525,1.008,0.081
1675951525,1.01,0.086
1675951525,1.004,0.061
1675951525,1.006,0.065
1675951525,1.013,0.103
1675951525,1.007,0.06
1675951526,1.006,0.065
1675951526,1.004,0.059
1675951526,1.009,0.067
1675951526,1.01,0.088
1675951526,1.003,0.08
1675951526,1.008,0.09
1675951526,1.008,0.067
1675951526,1.006,0.073
1675951526,1.008,0.062
1675951526,1.008,0.098
1675951526,1.008,0.071
1675951526,1.006,0.085
1675951526,1.008,0.069
1675951526,1.005,0.083
1675951526,1.007,0.088
1675951526,1.007,0.098
1675951526,1.008,0.08
1675951526,1.007,0.068
1675951526,1.009,0.111
1675951526,1.006,0.063
1675951527,1.005,0.08
1675951527,1.007,0.07
1675951527,1.007,0.075
1675951527,1.007,0.073
1675951527,1.005,0.078
1675951527,1.008,0.077
1675951527,1.005,0.072
1675951527,1.005,0.045
1675951527,1.006,0.075
1675951527,2.071,0.079
1675951527,2.441,0.092
1675951527,2.435,0.044
1675951527,2.439,0.08
1675951527,2.444,0.108
1675951527,2.439,0.11
1675951527,2.442,0.078
1675951527,2.442,0.082
1675951527,2.436,0.087
1675951527,2.438,0.078
1675951527,2.439,0.068
1675951528,2.439,0.076
1675951528,2.436,0.053
1675951528,1.581,0.072
1675951528,1.005,0.077
1675951528,1.008,0.092
1675951528,1.003,0.062
1675951528,1.007,0.088
1675951528,1.004,0.079
1675951528,1.001,0.083
1675951528,1.009,6.193
1675951528,1.006,8.158
1675951528,1.005,8.142
1675951528,1.004,8.14
1675951528,1.003,8.11
1675951528,1.006,8.134
1675951528,1.007,8.127
1675951528,1.006,8.147
1675951528,1.005,8.16
1675951528,1.006,8.155
1675951528,1.005,8.158
1675951529,1.004,5.572
1675951529,1.006,0.075
1675951529,1.007,0.081
1675951529,1.004,0.073
1675951529,1.008,0.091
1675951529,1.004,0.072
1675951529,1.007,0.087
1675951529,1.009,0.085
1675951529,1.006,0.069
1675951529,1.004,0.08
1675951529,1.006,0.075
1675951529,1.005,0.073
1675951529,1.006,0.079
1675951529,1.008,0.068
1675951529,1.006,0.085
1675951529,1.004,0.089
1675951529,1.003,0.075
1675951529,1.009,0.082
1675951529,1.004,0.068
1675951529,1.005,0.074
1675951530,1.005,0.075
1675951530,1.005,0.085
1675951530,1.006,0.08
1675951530,1.005,0.082
1675951530,1.007,0.074
1675951530,1.008,0.077
1675951530,1.78,0.081
1675951530,2.436,0.078
1675951530,2.439,0.085
1675951530,2.441,0.079
1675951530,2.438,0.077
1675951530,2.438,0.07
1675951530,2.438,0.079
1675951530,2.435,0.077
1675951530,2.437,0.08
1675951530,2.437,0.077
1675951530,2.438,0.083
1675951530,2.439,0.073
1675951530,2.437,0.084
1675951530,1.435,0.079
1675951531,1.009,0.077
1675951531,1.008,0.082
1675951531,1.004,0.077
1675951531,1.004,0.074
1675951531,1.002,0.076
1675951531,1.007,0.076
1675951531,1.008,1.968
1675951531,1.002,8.156
1675951531,1.004,8.146
1675951531,1.004,8.155
1675951531,1.237,8.152
1675951531,2.438,8.167
1675951531,2.44,8.166
1675951531,2.439,8.141
1675951531,2.438,8.156
1675951531,2.434,8.156
1675951531,2.437,8.14
1675951531,2.438,5.031
1675951531,2.441,0.083
1675951531,2.44,0.077
1675951532,2.438,0.084
1675951532,2.439,0.07
1675951532,2.437,0.077
1675951532,2.436,0.081
1675951532,1.777,0.078
1675951532,1.007,0.081
1675951532,1.006,0.079
1675951532,1.004,0.077
1675951532,1.004,0.079
1675951532,1.005,0.08
1675951532,1.004,0.078
1675951532,1.003,6.46
1675951532,1.003,8.147
1675951532,1.004,8.163
1675951532,1.006,8.148
1675951532,1.004,8.157
1675951532,1.004,8.16
1675951532,1.004,8.155
1675951532,1.003,8.155
1675951532,1.005,8.155
1675951533,1.007,8.15
1675951533,1.004,8.151
1675951533,1.004,6.378
1675951533,1.004,0.087
1675951533,1.005,0.083
1675951533,1.006,0.08
1675951533,1.007,0.076
1675951533,1.006,0.073
1675951533,1.005,0.085
1675951533,1.004,0.083
1675951533,1.008,0.081
1675951533,1.008,0.075
1675951533,1.003,0.074
1675951533,1.006,0.083
1675951533,1.008,0.08
1675951533,1.005,0.077
1675951533,1.005,0.08
1675951533,1.005,0.054
1675951533,1.004,0.083
1675951533,1.004,0.078
1675951534,1.005,0.083
1675951534,1.007,0.078
1675951534,1.005,0.08
1675951534,1.007,0.071
1675951534,1.004,0.081
1675951534,1.007,0.071
1675951534,1.005,0.078
1675951534,1.007,0.075
1675951534,1.006,0.081
1675951534,1.01,0.076
1675951534,1.006,0.082
1675951534,1.005,0.081
1675951534,1.005,0.091
1675951534,1.004,0.077
1675951534,1.004,0.077
1675951534,1.007,0.075
1675951534,1.006,0.078
1675951534,1.008,0.081
1675951534,1.009,0.083
1675951534,1.009,0.082
1675951535,1.004,0.077
1675951535,1.005,0.07
1675951535,1.006,0.081
1675951535,1.004,0.078
1675951535,1.005,0.081
1675951535,1.008,0.081
1675951535,1.007,0.078
1675951535,1.003,0.076
1675951535,1.009,0.079
1675951535,1.004,0.078
1675951535,1.004,0.083
1675951535,1.003,0.077
1675951535,1.009,0.074
1675951535,1.006,0.078
1675951535,1.005,0.072
1675951535,1.006,0.077
1675951535,1.007,0.084
1675951535,1.003,0.085
1675951535,1.009,0.085
1675951535,1.008,0.08
1675951536,1.006,0.08
1675951536,1.007,0.073
1675951536,1.008,0.072
1675951536,1.006,0.081
1675951536,1.006,0.08
1675951536,1.009,0.077
1675951536,1.005,0.084
1675951536,1.005,0.082
1675951536,1.008,0.076
1675951536,1.006,0.077
1675951536,1.006,0.083
1675951536,1.004,0.079
1675951536,1.006,0.075
1675951536,1.003,0.086
1675951536,1.008,0.077
1675951536,1.008,0.08
1675951536,1.006,0.082
1675951536,1.003,0.072
1675951536,1.005,0.087
1675951536,1.005,0.08
1675951537,1.008,0.075
1675951537,1.006,0.077
1675951537,1.008,0.086
1675951537,1.01,0.072
1675951537,1.005,0.088
1675951537,1.007,0.079
1675951537,1.008,0.07
1675951537,1.007,0.073
1675951537,1.006,0.07
1675951537,1.008,0.072
1675951537,1.007,0.077
1675951537,1.005,0.081
1675951537,1.005,0.072
1675951537,1.004,0.073
1675951537,1.006,0.076
1675951537,1.005,0.076
1675951537,1.007,0.078
1675951537,1.007,0.073
1675951537,1.009,0.087
1675951537,1.011,0.083
1675951538,1.007,0.076
1675951538,1.006,0.076
1675951538,1.004,0.078
1675951538,1.008,0.077
1675951538,1.004,0.075
1675951538,1.009,0.078
1675951538,1.004,0.071
1675951538,1.005,0.085
1675951538,1.012,0.08
1675951538,1.01,0.077
1675951538,1.008,0.077
1675951538,1.006,0.073
1675951538,1.012,0.073
1675951538,1.004,0.075
1675951538,1.009,0.066
1675951538,1.006,0.089
1675951538,1.005,0.082
1675951538,1.006,0.078
1675951538,1.006,0.076
1675951538,1.004,0.078
1675951539,1.006,0.082
1675951539,1.008,0.078
1675951539,1.008,0.078
1675951539,1.005,0.086
1675951539,1.01,0.072
1675951539,1.004,0.073
1675951539,1.008,0.081
1675951539,1.006,0.075
1675951539,1.007,0.081
1675951539,1.008,0.083
1675951539,1.005,0.084
1675951539,1.008,0.074
1675951539,1.006,0.074
1675951539,1.005,0.077
1675951539,1.003,0.073
1675951539,1.007,0.08
1675951539,1.005,0.077
1675951539,1.005,0.079
1675951539,1.007,0.078
1675951539,1.005,0.08
1675951540,1.007,0.074
1675951540,1.008,0.077
1675951540,1.007,0.078
1675951540,1.005,0.066
1675951540,1.009,0.075
1675951540,1.007,0.077
1675951540,1.004,0.086
1675951540,1.012,0.076
1675951540,1.005,0.083
1675951540,1.005,0.081
1675951540,1.006,0.08
1675951540,1.006,0.081
1675951540,1.006,0.085
1675951540,1.008,0.073
1675951540,1.008,0.078
1675951540,1.009,0.066
1675951540,1.006,0.075
1675951540,1.006,0.073
1675951540,1.009,0.085
1675951540,1.004,0.087
1675951541,1.007,0.088
1675951541,1.007,0.072
1675951541,1.007,0.082
1675951541,1.009,0.085
1675951541,1.004,0.078
1675951541,1.01,0.079
1675951541,1.005,0.069
1675951541,1.006,0.088
1675951541,1.004,0.087
1675951541,1.007,0.071
1675951541,1.006,0.083
1675951541,1.008,0.081
1675951541,1.005,0.077
1675951541,1.005,0.075
1675951541,1.005,0.076
1675951541,1.01,0.095
1675951541,1.009,0.083
1675951541,1.009,0.101
1675951541,1.005,0.075
1675951541,1.008,0.078
1675951542,1.007,0.089
1675951542,1.007,0.078
1675951542,1.007,0.094
1675951542,1.008,0.09
1675951542,1.008,0.086
1675951542,1.006,0.083
1675951542,1.01,0.099
1675951542,1.004,0.042
1675951542,1.008,0.081
1675951542,1.008,0.071
1675951542,1.004,0.072
1675951542,1.007,0.081
1675951542,1.008,0.088
1675951542,1.004,0.078
1675951542,1.006,0.055
1675951542,1.006,0.091
1675951542,1.008,0.111
1675951542,1.008,0.066
1675951542,1.006,0.08
1675951542,1.009,0.072
1675951543,1.006,0.061
1675951543,1.006,0.07
1675951543,1.007,0.065
1675951543,1.006,0.083
1675951543,1.007,0.059
1675951543,1.004,0.073
1675951543,1.009,0.08
1675951543,1.005,0.061
1675951543,1.008,0.06
1675951543,1.009,0.065
1675951543,1.007,0.076
1675951543,1.006,0.064
1675951543,1.004,0.079
1675951543,1.003,0.072
1675951543,1.008,0.08
1675951543,1.007,0.087
1675951543,1.007,0.054
1675951543,1.007,0.084
1675951543,1.007,0.06
1675951543,1.009,0.103
1675951544,1.002,0.075
1675951544,1.005,0.098
1675951544,1.012,0.111
1675951544,1.004,0.077
1675951544,1.009,0.069
1675951544,1.007,0.063
1675951544,1.007,0.068
1675951544,1.005,0.057
1675951544,1.009,0.057
1675951544,1.004,0.086
1675951544,1.005,0.063
1675951544,1.005,0.061
1675951544,1.01,0.088
1675951544,1.005,0.082
1675951544,1.009,0.101
1675951544,1.004,0.063
1675951544,1.004,0.061
1675951544,1.002,0.037
1675951544,1.009,0.079
1675951544,1.006,0.063
1675951545,1.004,0.068
1675951545,1.006,0.075
1675951545,1.007,0.084
1675951545,1.005,0.073
1675951545,1.007,0.078
1675951545,1.009,0.093
1675951545,1.005,0.066
1675951545,1.008,0.079
1675951545,1.004,0.063
1675951545,1.008,0.101
1675951545,1.006,0.064
1675951545,1.01,0.073
1675951545,1.005,0.077
1675951545,1.007,0.088
1675951545,1.003,0.089
1675951545,1.007,0.077
1675951545,1.005,0.079
1675951545,1.005,0.063
1675951545,1.007,0.083
1675951545,1.006,0.081
1675951546,1.005,0.064
1675951546,1.008,0.084
1675951546,1.004,0.077
1675951546,1.009,0.073
1675951546,1.01,0.075
1675951546,1.004,0.064
1675951546,1.012,0.086
1675951546,1.006,0.084
1675951546,1.006,0.079
1675951546,1.008,0.086
1675951546,1.006,0.062
1675951546,1.007,0.065
1675951546,1.009,0.075
1675951546,1.008,0.077
1675951546,1.005,0.071
1675951546,1.008,0.077
1675951546,1.007,0.069
1675951546,1.006,0.069
1675951546,0.998,0.084
1675951546,1.005,0.082
1675951547,1.005,0.053
1675951547,1.006,0.067
1675951547,1.008,0.067
1675951547,1.008,0.076
1675951547,1.009,0.077
1675951547,1.007,0.065
1675951547,1.004,0.073
1675951547,1.007,0.077
1675951547,1.005,0.077
1675951547,1.009,0.076
1675951547,1.005,0.079
1675951547,1.008,0.075
1675951547,1.005,0.072
1675951547,1.007,0.089
1675951547,1.006,0.076
1675951547,1.009,0.081
1675951547,1.005,0.07
1675951547,1.009,0.08
1675951547,1.007,0.081
1675951547,1.009,0.082
1675951548,1.01,0.084
1675951548,1.005,0.076
1675951548,1.011,0.08
1675951548,1.007,0.073
1675951548,1.007,0.084
1675951548,1.005,0.083
1675951548,1.005,0.081
1675951548,1.006,0.076
1675951548,1.006,0.072
1675951548,1.007,0.083
1675951548,1.01,0.077
1675951548,1.007,0.076
1675951548,1.006,0.077
1675951548,1.01,0.084
1675951548,1.007,0.079
1675951548,1.009,0.072
1675951548,1.009,0.078
1675951548,1.003,0.07
1675951548,1.007,0.072
1675951548,1.009,0.081
1675951549,1.008,0.07
1675951549,1.005,0.087
1675951549,1.008,0.074
1675951549,1.009,0.071
1675951549,1.007,0.074
1675951549,1.006,0.075
1675951549,1.008,0.075
1675951549,1.009,0.077
1675951549,1.006,0.079
1675951549,1.009,0.074
1675951549,1.009,0.075
1675951549,1.009,0.077
1675951549,1.005,0.076
1675951549,1.009,0.074
1675951549,1.013,0.081
1675951549,1.008,0.087
1675951549,1.01,0.081
1675951549,1.007,0.08
1675951549,1.008,0.084
1675951549,1.006,0.079
1675951550,1.008,0.078
1675951550,1.006,0.073
1675951550,1.007,0.073
1675951550,1.006,0.072
1675951550,1.007,0.076
1675951550,1.008,0.081
1675951550,1.008,0.074
1675951550,1.009,0.065
1675951550,1.01,0.074
1675951550,1.01,0.078
1675951550,1.008,0.07
1675951550,1.01,0.081
1675951550,1.006,0.076
1675951550,1.009,0.079
1675951550,1.008,0.078
1675951550,1.007,0.078
1675951550,1.008,0.074
1675951550,1.007,0.078
1675951550,1.009,0.078
1675951550,1.01,0.076
1675951551,1.008,0.076
1675951551,1.007,0.073
1675951551,1.006,0.074
1675951551,1.008,0.083
1675951551,1.008,0.074
1675951551,1.007,0.076
1675951551,1.009,0.071
1675951551,1.011,0.079
1675951551,1.009,0.075
1675951551,1.008,0.079
1675951551,1.009,0.065
1675951551,1.011,0.075
1675951551,1.008,0.088
1675951551,1.007,0.08
1675951551,1.005,0.066
1675951551,1.009,0.078
1675951551,1.009,0.08
1675951551,1.009,0.073
1675951551,1.007,0.079
1675951551,1.008,0.073
1675951552,1.008,0.069
1675951552,1.008,0.075
1675951552,1.008,0.082
1675951552,1.005,0.071
1675951552,1.005,0.074
1675951552,1.012,0.115
1675951552,1.003,0.081
1675951552,1.008,0.092
1675951552,1.003,0.053
1675951552,1.008,0.074
1675951552,1.006,0.078
1675951552,1.007,0.085
1675951552,1.008,0.073
1675951552,1.006,0.072
1675951552,1.007,0.078
1675951552,1.006,0.074
1675951552,1.007,0.074
1675951552,1.008,0.075
1675951552,1.006,0.076
1675951552,1.007,0.079
1675951553,1.007,0.069
1675951553,1.01,0.077
1675951553,1.008,0.081
1675951553,1.008,0.069
1675951553,1.009,0.075
1675951553,1.008,0.081
1675951553,1.006,0.07
1675951553,1.006,0.076
1675951553,1.007,0.076
1675951553,1.006,0.076
1675951553,1.007,0.072
1675951553,1.01,0.081
1675951553,1.004,0.073
1675951553,1.006,0.084
1675951553,1.005,0.077
1675951553,1.01,0.078
1675951553,1.007,0.076
1675951553,1.003,0.081
1675951553,1.009,0.084
1675951553,1.01,0.069
1675951554,1.01,0.081
1675951554,1.012,0.077
1675951554,1.007,0.07
1675951554,1.01,0.079
1675951554,1.005,0.069
1675951554,1.01,0.079
1675951554,1.007,0.078
1675951554,1.007,0.08
1675951554,1.007,0.078
1675951554,1.009,0.08
1675951554,1.005,0.071
1675951554,1.009,0.078
1675951554,1.009,0.078
1675951554,1.008,0.078
1675951554,1.009,0.086
1675951554,1.006,0.079
1675951554,1.011,0.076
1675951554,1.008,0.075
1675951554,1.006,0.075
1675951554,1.008,0.082
1675951555,1.006,0.078
1675951555,1.007,0.074
1675951555,1.007,0.087
1675951555,1.008,0.084
1675951555,1.008,0.08
1675951555,1.004,0.086
1675951555,1.007,0.079
1675951555,1.01,0.083
1675951555,1.009,0.078
1675951555,1.005,0.076
1675951555,1.01,0.08
1675951555,1.007,0.079
1675951555,1.005,0.08
1675951555,1.006,0.081
1675951555,1.005,0.081
1675951555,1.006,0.076
1675951555,1.007,0.075
1675951555,1.005,0.075
1675951555,1.008,0.073
1675951555,1.006,0.079
1675951556,1.008,0.072
1675951556,1.01,0.07
1675951556,1.005,0.073
1675951556,1.007,0.084
1675951556,1.009,0.08
1675951556,1.007,0.076
1675951556,1.009,0.079
1675951556,1.01,0.075
1675951556,1.009,0.069
1675951556,1.008,0.074
1675951556,1.008,0.08
1675951556,1.011,0.077
1675951556,1.008,0.077
1675951556,1.006,0.08
1675951556,1.005,0.08
1675951556,1.005,0.078
1675951556,1.007,0.073
1675951556,1.005,0.074
1675951556,1.004,0.072
1675951556,1.007,0.068
1675951557,1.007,0.071
1675951557,1.011,0.084
1675951557,1.006,0.081
1675951557,1.009,0.077
1675951557,1.007,0.082
1675951557,1.009,0.085
1675951557,1.008,0.074
1675951557,1.009,0.072
1675951557,1.005,0.076
1675951557,1.008,0.08
1675951557,1.01,0.082
1675951557,1.007,0.078
1675951557,1.007,0.071
1675951557,1.008,0.087
1675951557,1.01,0.088
1675951557,1.006,0.083
1675951557,1.009,0.079
1675951557,1.006,0.082
1675951557,1.003,0.063
1675951557,1.005,0.074
1675951558,1.005,0.071
1675951558,1.01,0.088
1675951558,1.008,0.09
1675951558,1.007,0.084
1675951558,1.005,0.075
1675951558,1.01,0.088
1675951558,1.005,0.069
1675951558,1.007,0.092
1675951558,1.009,0.065
1675951558,1.008,0.085
1675951558,1.007,0.073
1675951558,1.004,0.091
1675951558,1.004,0.08
1675951558,1.005,0.059
1675951558,1.008,0.076
1675951558,1.009,0.07
1675951558,1.007,0.079
1675951558,1.004,0.071
1675951558,1.006,0.073
1675951558,1.009,0.072
1675951559,1.005,0.086
1675951559,1.007,0.07
1675951559,1.004,0.069
1675951559,1.009,0.089
1675951559,1.009,0.086
1675951559,1.009,0.079
1675951559,1.007,0.093
1675951559,1.011,0.109
1675951559,1.008,0.08
1675951559,1.007,0.087
1675951559,1.011,0.079
1675951559,1.009,0.093
1675951559,1.007,0.058
1675951559,1.003,0.069
1675951559,1.005,0.036
1675951559,1.007,0.061
1675951559,1.008,0.097
1675951559,1.006,0.084
1675951559,1.003,0.051
1675951559,1.01,0.081
1675951560,1.007,0.067
1675951560,1.009,0.097
1675951560,1.005,0.07
1675951560,1.007,0.069
1675951560,1.006,0.087
1675951560,1.005,0.06
1675951560,1.008,0.083
1675951560,1.008,0.076
1675951560,1.006,0.056
1675951560,1.008,0.081
1675951560,1.006,0.063
1675951560,1.008,0.068
1675951560,1.007,0.068
1675951560,1.004,0.071
1675951560,1.006,0.073
1675951560,1.007,0.074
1675951560,1.003,0.062
1675951560,1.007,0.06
1675951560,1.003,0.046
1675951560,1.008,0.08
1675951561,1.005,0.078
1675951561,1.003,0.059
1675951561,1.007,0.088
1675951561,1.004,0.069
1675951561,1.005,0.064
1675951561,1.006,0.079
1675951561,1.008,0.064
1675951561,1.007,0.074
1675951561,1.007,0.079
1675951561,1.007,0.082
1675951561,1.007,0.071
1675951561,1.009,0.078
1675951561,1.01,0.075
1675951561,1.007,0.075
1675951561,1.005,0.067
1675951561,1.007,0.088
1675951561,1.008,0.072
1675951561,1.009,0.086
1675951561,1.009,0.087
1675951561,1.007,0.079
1675951562,1.005,0.059
1675951562,1.008,0.065
1675951562,1.008,0.074
1675951562,1.007,0.081
1675951562,1.006,0.055
1675951562,1.007,0.087
1675951562,1.006,0.05
1675951562,1.008,0.092
1675951562,1.005,0.07
1675951562,1.005,0.068
1675951562,1.008,0.099
1675951562,1.008,0.063
1675951562,1.007,0.079
1675951562,1.006,0.08
1675951562,1.005,0.063
1675951562,1.007,0.069
1675951562,1.008,0.047
1675951562,1.007,0.086
1675951562,1.006,0.064
1675951562,1.007,0.055
1675951563,1.005,0.082
1675951563,1.007,0.057
1675951563,1.007,0.085
1675951563,1.006,0.085
1675951563,1.006,0.061
1675951563,1.01,0.067
1675951563,1.011,0.084
1675951563,1.005,0.075
1675951563,1.006,0.07
1675951563,1.004,0.068
1675951563,1.01,0.089
1675951563,1.008,0.07
1675951563,1.009,0.085
1675951563,1.013,0.081
1675951563,1.005,0.069
1675951563,1.007,0.079
1675951563,1.009,0.101
1675951563,1.008,0.074
1675951563,1.006,0.072
1675951563,1.007,0.074
1675951564,1.008,0.071
1675951564,1.006,0.06
1675951564,1.003,0.086
1675951564,1.007,0.089
1675951564,1.007,0.07
1675951564,1.006,0.081
1675951564,1.008,0.094
1675951564,1.008,0.081
1675951564,1.007,0.087
1675951564,1.006,0.077
1675951564,1.007,0.078
1675951564,1.006,0.07
1675951564,1.006,0.076
1675951564,1.005,0.072
1675951564,1.007,0.074
1675951564,1.008,0.076
1675951564,1.004,0.08
1675951564,1.006,0.077
1675951564,1.01,0.086
1675951564,1.007,0.084
1675951565,1.008,0.076
1675951565,1.009,0.08
1675951565,1.007,0.076
1675951565,1.006,0.085
1675951565,1.007,0.075
1675951565,1.007,0.082
1675951565,1.006,0.069
1675951565,1.007,0.082
1675951565,1.009,0.077
1675951565,1.006,0.085
1675951565,1.007,0.081
1675951565,1.006,0.072
1675951565,1.009,0.071
1675951565,1.007,0.077
1675951565,1.005,0.071
1675951565,1.006,0.084
1675951565,1.002,0.079
1675951565,1.014,0.05
1675951565,1.008,0.07
1675951565,1.007,0.076
1675951566,1.006,0.073
1675951566,1.009,0.079
1675951566,1.006,0.07
1675951566,1.006,0.075
1675951566,1.004,0.075
1675951566,1.005,0.074
1675951566,1.005,0.072
1675951566,1.01,0.082
1675951566,1.006,0.087
1675951566,1.007,0.075
1675951566,1.007,0.078
1675951566,1.011,0.07
1675951566,1.006,0.075
1675951566,1.007,0.074
1675951566,1.011,0.082
1675951566,1.007,0.079
1675951566,1.007,0.078
1675951566,1.005,0.084
1675951566,1.008,0.079
1675951566,1.008,0.081
1675951567,1.006,0.071
1675951567,1.008,0.077
1675951567,1.006,0.074
1675951567,1.008,0.071
1675951567,1.009,0.081
1675951567,1.009,0.087
1675951567,1.008,0.076
1675951567,1.007,0.073
1675951567,1.007,0.071
1675951567,1.008,0.078
1675951567,1.009,0.08
1675951567,1.007,0.079
1675951567,1.008,0.075
1675951567,1.007,0.077
1675951567,1.008,0.074
1675951567,1.009,0.078
1675951567,1.009,0.079
1675951567,1.006,0.073
1675951567,1.005,0.079
1675951567,1.003,0.076
1675951568,1.008,0.064
1675951568,1.002,0.069
1675951568,1.005,0.076
1675951568,1.007,0.071
1675951568,1.003,0.073
1675951568,1.007,0.076
1675951568,1.006,0.079
1675951568,1.006,0.08
1675951568,1.008,0.085
1675951568,1.008,0.076
1675951568,1.003,0.073
1675951568,1.006,0.072
1675951568,1.008,0.076
1675951568,1.007,0.072
1675951568,1.007,0.072
1675951568,1.003,0.077
1675951568,1.006,0.079
1675951568,1.005,0.084
1675951568,1.008,0.082
1675951568,1.009,0.071
1675951569,1.005,0.075
1675951569,1.007,0.07
1675951569,1.008,0.075
1675951569,1.006,0.075
1675951569,1.005,0.073
1675951569,1.005,0.071
1675951569,1.005,0.077
1675951569,1.006,0.09
1675951569,1.007,0.077
1675951569,1.006,0.077
1675951569,1.007,0.082
1675951569,1.005,0.072
1675951569,1.006,0.081
1675951569,1.005,0.08
1675951569,1.003,0.068
1675951569,1.006,0.083
1675951569,1.007,0.069
1675951569,1.006,0.073
1675951569,1.006,0.076
1675951569,1.006,0.073
1675951570,1.007,0.071
1675951570,1.005,0.078
1675951570,1.003,0.074
1675951570,1.005,0.073
1675951570,1.007,0.082
1675951570,1.008,0.085
1675951570,1.008,0.072
1675951570,1.005,0.074
1675951570,1.004,0.07
1675951570,1.008,0.08
1675951570,1.005,0.074
1675951570,1.006,0.074
1675951570,1.007,0.076
1675951570,1.008,0.074
1675951570,1.004,0.087
1675951570,1.005,0.076
1675951570,1.006,0.076
1675951570,1.008,0.077
1675951570,1.009,0.072
1675951570,1.006,0.08
1675951571,1.006,0.075
1675951571,1.006,0.08
1675951571,1.005,0.077
1675951571,1.006,0.083
1675951571,1.008,0.076
1675951571,1.008,0.075
1675951571,1.007,0.069
1675951571,1.005,0.075
1675951571,1.006,0.079
1675951571,1.01,0.076
1675951571,1.005,0.079
1675951571,1.01,0.073
1675951571,1.007,0.076
1675951571,1.008,0.07
1675951571,1.002,0.072
1675951571,1.006,0.08
1675951571,1.004,0.076
1675951571,1.007,0.07
1675951571,1.009,0.079
1675951571,1.006,0.075
1675951572,1.007,0.074
1675951572,1.006,0.08
1675951572,1.007,0.073
1675951572,1.006,0.077
1675951572,1.008,0.086
1675951572,1.005,0.081
1675951572,1.004,0.076
1675951572,1.005,0.073
1675951572,1.003,0.082
1675951572,1.004,0.08
1675951572,1.005,0.074
1675951572,1.003,0.08
1675951572,1.007,0.079
1675951572,1.004,0.073
1675951572,1.006,0.071
1675951572,1.011,0.075
1675951572,1.007,0.073
1675951572,1.008,0.077
1675951572,1.003,0.077
1675951572,1.006,0.076
1675951573,1.003,0.085
1675951573,1.006,0.077
1675951573,1.01,0.074
1675951573,1.002,0.075
1675951573,1.003,0.071
1675951573,1.006,0.074
1675951573,1.004,0.077
1675951573,1.006,0.075
1675951573,1.006,0.079
1675951573,1.006,0.077
1675951573,1.006,0.074
1675951573,1.003,0.075
1675951573,1.005,0.076
1675951573,1.005,0.078
1675951573,1.005,0.07
1675951573,1.003,0.069
1675951573,1.007,0.076
1675951573,1.009,0.077
1675951573,1.009,0.078
1675951573,1.007,0.079
1675951574,1.005,0.079
1675951574,1.007,0.079
1675951574,1.004,0.076
1675951574,1.006,0.08
1675951574,1.007,0.08
1675951574,1.007,0.078
1675951574,1.007,0.077
1675951574,1.005,0.081
1675951574,1.006,0.072
1675951574,1.005,0.072
1675951574,1.007,0.072
1675951574,1.008,0.078
1675951574,1.004,0.071
1675951574,1.005,0.076
1675951574,1.003,0.076
1675951574,1.001,0.082
1675951574,1.005,0.069
1675951574,1.007,0.072
1675951574,1.005,0.078
1675951574,1.007,0.075
1675951575,1.004,0.088
1675951575,1.003,0.058
1675951575,1.006,0.067
1675951575,1.007,0.069
1675951575,1.008,0.089
1675951575,1.005,0.078
1675951575,1.007,0.066
1675951575,1.004,0.07
1675951575,1.003,0.096
1675951575,1.01,0.082
1675951575,1.006,0.086
1675951575,1.007,0.063
1675951575,1.006,0.079
1675951575,1.004,0.08
1675951575,1.004,0.073
1675951575,1.006,0.079
1675951575,1.004,0.087
1675951575,1.004,0.074
1675951575,1.007,0.075
1675951575,1.007,0.077
1675951576,1.006,0.08
1675951576,1.006,0.093
1675951576,1.01,0.091
1675951576,1.004,0.078
1675951576,1.005,0.075
1675951576,1.008,0.07
1675951576,1.004,0.078
1675951576,1.006,0.071
1675951576,1.008,0.091
1675951576,1.008,0.083
1675951576,1.006,0.076
1675951576,1.006,0.078
1675951576,1.005,0.068
1675951576,1.006,0.079
1675951576,1.008,0.067
1675951576,1.007,0.088
1675951576,1.009,0.083
1675951576,0.998,0.083
1675951576,1.005,0.074
1675951576,1.008,0.099
1675951577,1.006,0.069
1675951577,1.007,0.083
1675951577,1.004,0.061
1675951577,1.002,0.058
1675951577,1.004,0.086
1675951577,1.005,0.092
1675951577,1.004,0.065
1675951577,1.006,0.08
1675951577,1.006,0.062
1675951577,1.006,0.082
1675951577,1.004,0.069
1675951577,1.001,0.063
1675951577,1.008,0.078
1675951577,1.005,0.083
1675951577,1.004,0.077
1675951577,1.006,0.069
1675951577,1.005,0.077
1675951577,1.005,0.062
1675951577,1.006,0.078
1675951577,1.007,0.088
1675951578,1.001,0.073
1675951578,1.005,0.065
1675951578,1.003,0.072
1675951578,1.009,0.105
1675951578,1.004,0.065
1675951578,1.007,0.089
1675951578,1.007,0.095
1675951578,1.004,0.055
1675951578,1.003,0.059
1675951578,1.006,0.095
1675951578,1.004,0.064
1675951578,1.005,0.069
1675951578,1.004,0.077
1675951578,1.007,0.065
1675951578,1.006,0.089
1675951578,1.006,0.069
1675951578,1.006,0.07
1675951578,1.003,0.079
1675951578,1.006,0.068
1675951578,1.005,0.08
1675951579,1.002,0.062
1675951579,1.005,0.079
1675951579,1.005,0.081
1675951579,1.006,0.078
1675951579,1.006,0.083
1675951579,1.006,0.102
1675951579,1.006,0.089
1675951579,1.004,0.058
1675951579,1.006,0.078
1675951579,1.009,0.091
1675951579,1.006,0.06
1675951579,1.003,0.066
1675951579,1.006,0.077
1675951579,1.006,0.075
1675951579,1.005,0.071
1675951579,1.006,0.093
1675951579,1.004,0.082
1675951579,1.006,0.066
1675951579,1.008,0.088
1675951579,0.999,0.08
1675951580,1.009,0.093
1675951580,1.005,0.079
1675951580,1.01,0.084
1675951580,1.004,0.08
1675951580,1.006,0.058
1675951580,1.002,0.069
1675951580,1.008,0.105
1675951580,1.008,0.07
1675951580,1.005,0.081
1675951580,1.007,0.076
1675951580,1.006,0.071
1675951580,1.005,0.059
1675951580,1.008,0.076
1675951580,1.007,0.087
1675951580,1.005,0.072
1675951580,1.008,0.094
1675951580,1.008,0.099
1675951580,1.007,0.082
1675951580,1.006,0.078
1675951580,1.006,0.083
1675951581,1.004,0.08
1675951581,1.009,0.091
1675951581,1.008,0.086
1675951581,1.007,0.079
1675951581,1.008,0.09
1675951581,1.005,0.069
1675951581,1.006,0.081
1675951581,1.008,0.083
1675951581,1.003,0.065
1675951581,1.006,0.089
1675951581,1.008,0.068
1675951581,1.005,0.067
1675951581,1.005,0.069
1675951581,1.006,0.089
1675951581,1.003,0.065
1675951581,1.004,0.077
1675951581,1.008,0.082
1675951581,1.008,0.084
1675951581,1.008,0.065
1675951581,1.004,0.083
1675951582,1.005,0.076
1675951582,1.008,0.073
1675951582,1.004,0.079
1675951582,1.004,0.071
1675951582,1.004,0.081
1675951582,1.008,0.065
1675951582,1.008,0.077
1675951582,1.005,0.078
1675951582,1.003,0.068
1675951582,1.005,0.076
1675951582,1.005,0.077
1675951582,1.007,0.083
1675951582,1.003,0.083
1675951582,1.003,0.08
1675951582,1.006,0.075
1675951582,1.005,0.085
1675951582,1.007,0.081
1675951582,1.007,0.068
1675951582,1.005,0.075
1675951582,1.004,0.077
1675951583,1.006,0.085
1675951583,1.005,0.069
1675951583,1.005,0.071
1675951583,1.007,0.078
1675951583,1.006,0.08
1675951583,1.006,0.074
1675951583,1.008,0.077
1675951583,1.007,0.078
1675951583,1.006,0.077
1675951583,1.007,0.077
1675951583,1.005,0.083
1675951583,1.006,0.074
1675951583,1.005,0.075
1675951583,1.003,0.078
1675951583,1.006,0.085
1675951583,1.004,0.075
1675951583,1.009,0.082
1675951583,1.006,0.071
1675951583,1.008,0.082
1675951583,1.007,0.074
1675951584,1.007,0.073
1675951584,1.009,0.076
1675951584,1.007,0.081
1675951584,1.007,0.072
1675951584,1.006,0.079
1675951584,1.005,0.079
1675951584,1.008,0.081
1675951584,1.009,0.073
1675951584,1.003,0.075
1675951584,1.009,0.081
1675951584,1.009,0.08
1675951584,1.008,0.073
1675951584,1.006,0.081
1675951584,1.005,0.071
1675951584,1.008,0.077
1675951584,1.006,0.071
1675951584,1.009,0.074
1675951584,1.007,0.067
1675951584,1.01,0.079
1675951584,1.006,0.073
1675951585,1.009,0.081
1675951585,1.004,0.075
1675951585,1.005,0.081
1675951585,1.004,0.077
1675951585,1.008,0.075
1675951585,1.007,0.074
1675951585,1.009,0.081
1675951585,1.008,0.078
1675951585,1.005,0.076
1675951585,1.005,0.075
1675951585,1.005,0.081
1675951585,1.005,0.082
1675951585,1.006,0.076
1675951585,1.006,0.066
1675951585,1.007,0.08
1675951585,1.007,0.068
1675951585,1.007,0.08
1675951585,1.007,0.071
1675951585,1.007,0.081
1675951585,1.008,0.072
1675951586,1.004,0.073
1675951586,1.005,0.072
1675951586,1.007,0.067
1675951586,1.004,0.07
1675951586,1.006,0.076
1675951586,1.009,0.076
1675951586,1.003,0.077
1675951586,1.008,0.062
1675951586,1.005,0.082
1675951586,1.004,0.087
1675951586,1.005,0.073
1675951586,1.005,0.085
1675951586,1.009,0.079
1675951586,1.006,0.083
1675951586,1.008,0.07
1675951586,1.005,0.078
1675951586,1.003,0.076
1675951586,1.008,0.069
1675951586,1.006,0.068
1675951586,1.008,0.076
1675951587,1.005,0.07
1675951587,1.005,0.073
1675951587,1.008,0.085
1675951587,1.006,0.081
1675951587,1.007,0.069
1675951587,1.006,0.081
1675951587,1.005,0.078
1675951587,1.008,0.08
1675951587,1.006,0.094
1675951587,1.004,0.076
1675951587,1.01,0.096
1675951587,1.005,0.06
1675951587,1.005,0.073
1675951587,1.005,0.067
1675951587,1.007,0.079
1675951587,1.005,0.08
1675951587,1.006,0.08
1675951587,1.002,0.079
1675951587,1.897,0.081
1675951587,2.437,0.069
1675951588,2.44,0.077
1675951588,2.441,0.07
1675951588,2.44,0.076
1675951588,2.437,0.07
1675951588,2.439,0.074
1675951588,2.44,0.08
1675951588,2.442,0.075
1675951588,2.438,0.081
1675951588,2.439,0.077
1675951588,2.44,0.08
1675951588,2.439,0.072
1675951588,2.033,0.076
1675951588,1.005,0.08
1675951588,1.007,0.075
1675951588,1.004,0.076
1675951588,1.008,0.076
1675951588,1.005,0.08
1675951588,1.004,0.066
1675951588,1.007,3.293
1675951588,1.002,8.131
1675951589,1.006,8.149
1675951589,1.004,8.141
1675951589,1.004,8.146
1675951589,1.009,8.163
1675951589,1.007,8.155
1675951589,1.007,8.152
1675951589,1.004,8.159
1675951589,1.001,8.157
1675951589,1.005,8.155
1675951589,1.005,8.129
1675951589,1.007,0.884
1675951589,1.007,0.081
1675951589,1.004,0.081
1675951589,1.004,0.078
1675951589,1.009,0.079
1675951589,1.005,0.076
1675951589,1.004,0.079
1675951589,1.002,0.076
1675951589,1.002,0.093
1675951589,1.007,0.072
1675951590,1.007,0.076
1675951590,1.009,0.071
1675951590,1.005,0.075
1675951590,1.008,0.078
1675951590,1.004,0.077
1675951590,1.003,0.077
1675951590,1.006,0.073
1675951590,1.005,0.064
1675951590,1.007,0.084
1675951590,1.005,0.069
1675951590,1.008,0.073
1675951590,1.006,0.071
1675951590,1.006,0.08
1675951590,1.007,0.075
1675951590,1.008,0.089
1675951590,1.004,0.083
1675951590,2.093,0.08
1675951590,2.439,0.085
1675951590,2.439,0.077
1675951590,2.436,0.076
1675951591,2.437,0.081
1675951591,2.441,0.079
1675951591,2.437,0.077
1675951591,2.438,0.082
1675951591,2.437,0.072
1675951591,2.435,0.07
1675951591,2.438,0.076
1675951591,2.438,0.072
1675951591,2.438,0.078
1675951591,2.438,0.073
1675951591,1.667,0.083
1675951591,1.005,0.075
1675951591,1.008,0.083
1675951591,1.008,0.069
1675951591,1.006,0.086
1675951591,1.005,0.079
1675951591,1.006,4.77
1675951591,1.006,8.15
1675951591,1.865,8.142
1675951591,2.439,8.154
1675951592,2.438,8.156
1675951592,2.437,8.155
1675951592,2.437,8.152
1675951592,2.437,8.149
1675951592,2.434,8.159
1675951592,2.436,8.153
1675951592,2.439,8.142
1675951592,2.435,8.146
1675951592,2.438,8.122
1675951592,2.439,1.852
1675951592,2.438,0.077
1675951592,2.439,0.081
1675951592,1.897,0.074
1675951592,1.005,0.062
1675951592,1.002,0.089
1675951592,1.007,0.082
1675951592,1.003,0.061
1675951592,1.008,0.068
1675951592,1.004,4.267
1675951592,1.003,8.159
1675951593,1.003,8.157
1675951593,1.008,8.154
1675951593,1.004,8.157
1675951593,1.007,8.158
1675951593,1.001,8.149
1675951593,1.003,8.152
1675951593,1.005,8.156
1675951593,1.002,8.154
1675951593,1.007,8.157
1675951593,1.003,8.147
1675951593,1.005,8.149
1675951593,1.008,0.883
1675951593,1.01,0.082
1675951593,1.006,0.079
1675951593,1.007,0.085
1675951593,1.005,0.095
1675951593,1.008,0.074
1675951593,1.008,0.076
1675951593,1.003,0.07
1675951593,1.005,0.078
1675951594,1.01,0.091
1675951594,1.007,0.063
1675951594,1.003,0.072
1675951594,1.007,0.099
1675951594,1.004,0.08
1675951594,1.008,0.087
1675951594,1.007,0.07
1675951594,1.006,0.076
1675951594,1.009,0.063
1675951594,1.008,0.071
1675951594,1.009,0.082
1675951594,1.007,0.092
1675951594,1.003,0.068
1675951594,1.008,0.07
1675951594,1.004,0.068
1675951594,1.002,0.067
1675951594,1.007,0.064
1675951594,1.012,0.093
1675951594,1.007,0.069
1675951594,1.006,0.089
1675951595,1.007,0.071
1675951595,1.005,0.075
1675951595,1.005,0.061
1675951595,1.005,0.078
1675951595,1.006,0.081
1675951595,1.006,0.092
1675951595,1.008,0.072
1675951595,1.006,0.08
1675951595,1.004,0.064
1675951595,1.005,0.072
1675951595,1.007,0.057
1675951595,1.006,0.07
1675951595,1.005,0.076
1675951595,1.005,0.063
1675951595,1.004,0.073
1675951595,1.009,0.082
1675951595,1.005,0.052
1675951595,1.005,0.085
1675951595,1.007,0.078
1675951595,1.004,0.063
1675951596,1.002,0.061
1675951596,1.005,0.077
1675951596,1.004,0.061
1675951596,1.007,0.09
1675951596,1.004,0.055
1675951596,1.007,0.08
1675951596,1.005,0.063
1675951596,1.008,0.074
1675951596,1.005,0.078
1675951596,1.01,0.075
1675951596,1.008,0.092
1675951596,1.009,0.079
1675951596,1.007,0.067
1675951596,1.007,0.061
1675951596,1.005,0.066
1675951596,1.007,0.08
1675951596,1.01,0.094
1675951596,1.003,0.069
1675951596,1.005,0.092
1675951596,1.005,0.062
1675951597,1.008,0.079
1675951597,1.008,0.074
1675951597,1.003,0.05
1675951597,1.006,0.084
1675951597,1.006,0.065
1675951597,1.001,0.062
1675951597,1.005,0.072
1675951597,1.008,0.066
1675951597,1.006,0.042
1675951597,1.004,0.065
1675951597,1.008,0.097
1675951597,1.007,0.075
1675951597,1.007,0.076
1675951597,1.009,0.078
1675951597,1.006,0.071
1675951597,1.007,0.1
1675951597,1.006,0.063
1675951597,1.005,0.092
1675951597,1.01,0.063
1675951597,1.007,0.074
1675951598,1.005,0.067
1675951598,1.01,0.077
1675951598,1.009,0.063
1675951598,1.008,0.08
1675951598,1.007,0.065
1675951598,1.005,0.07
1675951598,1.006,0.069
1675951598,1.005,0.063
1675951598,1.004,0.076
1675951598,1.01,0.084
1675951598,1.009,0.101
1675951598,1.008,0.06
1675951598,1.006,0.07
1675951598,1.009,0.085
1675951598,1.004,0.074
1675951598,1.008,0.088
1675951598,1.009,0.079
1675951598,1.007,0.096
1675951598,1.01,0.079
1675951598,1.007,0.092
1675951599,1.006,0.076
1675951599,1.006,0.09
1675951599,1.009,0.083
1675951599,1.006,0.067
1675951599,1.006,0.08
1675951599,1.006,0.089
1675951599,1.007,0.071
1675951599,1.007,0.08
1675951599,1.004,0.069
1675951599,1.009,0.064
1675951599,1.008,0.088
1675951599,1.004,0.059
1675951599,1.006,0.078
1675951599,1.008,0.07
1675951599,1.004,0.086
1675951599,1.009,0.072
1675951599,1.007,0.066
1675951599,1.005,0.068
1675951599,1.009,0.086
1675951599,1.008,0.067
1675951600,1.007,0.071
1675951600,1.006,0.078
1675951600,1.007,0.091
1675951600,1.008,0.071
1675951600,1.004,0.069
1675951600,1.007,0.073
1675951600,1.008,0.092
1675951600,1.008,0.075
1675951600,1.007,0.08
1675951600,1.005,0.07
1675951600,1.007,0.077
1675951600,1.007,0.077
1675951600,1.007,0.082
1675951600,1.007,0.081
1675951600,1.007,0.083
1675951600,1.007,0.081
1675951600,1.008,0.09
1675951600,1.006,0.074
1675951600,1.007,0.078
1675951600,1.007,0.094
1675951601,1.008,0.076
1675951601,1.006,0.078
1675951601,1.005,0.083
1675951601,1.005,0.08
1675951601,1.002,0.085
1675951601,1.006,0.082
1675951601,1.005,0.081
1675951601,1.004,0.083
1675951601,1.007,0.086
1675951601,1.003,0.082
1675951601,1.008,0.083
1675951601,1.005,0.072
1675951601,1.006,0.084
1675951601,1.009,0.083
1675951601,1.009,0.084
1675951601,1.007,0.076
1675951601,1.005,0.085
1675951601,1.005,0.082
1675951601,1.009,0.078
1675951601,1.005,0.073
1675951602,1.007,0.079
1675951602,1.008,0.087
1675951602,1.011,0.077
1675951602,1.009,0.076
1675951602,1.005,0.078
1675951602,1.007,0.079
1675951602,1.006,0.081
1675951602,1.007,0.072
1675951602,1.006,0.081
1675951602,1.01,0.077
1675951602,1.005,0.085
1675951602,1.006,0.075
1675951602,1.007,0.077
1675951602,1.008,0.08
1675951602,1.009,0.076
1675951602,1.006,0.074
1675951602,1.007,0.07
1675951602,1.007,0.081
1675951602,1.007,0.072
1675951602,1.006,0.08
1675951603,1.005,0.08
1675951603,1.004,0.079
1675951603,1.004,0.077
1675951603,1.008,0.081
1675951603,1.005,0.08
1675951603,1.006,0.083
1675951603,1.005,0.077
1675951603,1.006,0.074
1675951603,1.004,0.086
1675951603,1.005,0.078
1675951603,1.006,0.082
1675951603,1.006,0.072
1675951603,1.004,0.076
1675951603,1.003,0.087
1675951603,1.005,0.083
1675951603,1.001,0.084
1675951603,1.005,0.081
1675951603,1.005,0.079
1675951603,1.007,0.083
1675951603,1.004,0.071
1675951604,1.005,0.08
1675951604,1.005,0.084
1675951604,1.006,0.071
1675951604,1.007,0.083
1675951604,1.002,0.082
1675951604,1.006,0.079
1675951604,1.006,0.082
1675951604,1.006,0.079
1675951604,1.007,0.082
1675951604,1.009,0.074
1675951604,1.007,0.078
1675951604,1.009,0.081
1675951604,1.005,0.089
1675951604,1.007,0.071
1675951604,1.006,0.087
1675951604,1.01,0.059
1675951604,1.008,0.085
1675951604,1.004,0.074
1675951604,1.006,0.072
1675951604,1.007,0.078
1675951605,1.004,0.08
1675951605,1.006,0.081
1675951605,1.006,0.084
1675951605,1.006,0.084
1675951605,1.008,0.08
1675951605,1.003,0.076
1675951605,1.008,0.08
1675951605,1.008,0.083
1675951605,1.008,0.078
1675951605,1.007,0.069
1675951605,1.007,0.076
1675951605,1.009,0.077
1675951605,1.007,0.074
1675951605,1.008,0.081
1675951605,1.01,0.08
1675951605,1.008,0.081
1675951605,1.008,0.084
1675951605,1.005,0.082
1675951605,1.004,0.084
1675951605,1.008,0.081
1675951606,1.005,0.08
1675951606,1.005,0.077
1675951606,1.005,0.085
1675951606,1.009,0.077
1675951606,1.005,0.084
1675951606,1.009,0.08
1675951606,1.007,0.078
1675951606,1.007,0.075
1675951606,1.004,0.082
1675951606,1.005,0.074
1675951606,1.007,0.088
1675951606,1.007,0.08
1675951606,1.006,0.077
1675951606,1.008,0.075
1675951606,1.007,0.078
1675951606,1.005,0.078
1675951606,1.008,0.097
1675951606,1.004,0.078
1675951606,1.004,0.076
1675951606,1.008,0.074
1675951607,1.004,0.077
1675951607,1.004,0.079
1675951607,1.007,0.081
1675951607,1.007,0.075
1675951607,1.008,0.085
1675951607,1.005,0.079
1675951607,1.008,0.082
1675951607,1.006,0.078
1675951607,1.007,0.079
1675951607,1.006,0.069
1675951607,1.004,0.073
1675951607,1.008,0.082
1675951607,1.006,0.081
1675951607,1.005,0.072
1675951607,1.005,0.078
1675951607,1.009,0.081
1675951607,1.007,0.079
1675951607,1.008,0.068
1675951607,1.009,0.069
1675951607,1.01,0.068
1675951608,1.004,0.08
1675951608,1.006,0.073
1675951608,1.005,0.076
1675951608,1.006,0.072
1675951608,1.003,0.08
1675951608,1.006,0.07
1675951608,1.008,0.078
1675951608,1.007,0.081
1675951608,1.007,0.08
1675951608,1.011,0.076
1675951608,1.005,0.073
1675951608,1.007,0.086
1675951608,1.005,0.077
1675951608,1.007,0.081
1675951608,1.004,0.079
1675951608,1.008,0.08
1675951608,1.01,0.079
1675951608,1.004,0.061
1675951608,1.004,0.085
1675951608,1.01,0.077
1675951609,1.007,0.076
1675951609,1.01,0.075
1675951609,1.005,0.081
1675951609,1.008,0.079
1675951609,1.008,0.086
1675951609,1.007,0.075
1675951609,1.007,0.079
1675951609,1.007,0.076
1675951609,1.009,0.072
1675951609,1.007,0.083
1675951609,1.006,0.07
1675951609,1.011,0.075
1675951609,1.007,0.075
1675951609,1.007,0.076
1675951609,1.006,0.076
1675951609,1.004,0.076
1675951609,1.007,0.08
1675951609,1.009,0.08
1675951609,1.004,0.081
1675951609,1.004,0.073
1675951610,1.005,0.074
1675951610,1.006,0.073
1675951610,1.009,0.071
1675951610,1.007,0.072
1675951610,1.007,0.077
1675951610,1.006,0.083
1675951610,1.011,0.081
1675951610,1.008,0.08
1675951610,1.006,0.067
1675951610,1.006,0.074
1675951610,1.007,0.085
1675951610,1.011,0.094
1675951610,1.008,0.083
1675951610,1.007,0.077
1675951610,1.007,0.083
1675951610,1.007,0.074
1675951610,1.01,0.089
1675951610,1.004,0.074
1675951610,1.014,0.168
1675951610,1.009,0.071
1675951611,1.008,0.074
1675951611,1.005,0.077
1675951611,1.012,0.087
1675951611,1.008,0.081
1675951611,1.005,0.069
1675951611,1.009,0.082
1675951611,1.007,0.083
1675951611,1.006,0.078
1675951611,1.004,0.079
1675951611,1.009,0.073
1675951611,1.006,0.069
1675951611,1.007,0.076
1675951611,1.005,0.079
1675951611,1.003,0.076
1675951611,1.006,0.081
1675951611,1.004,0.068
1675951611,1.007,0.072
1675951611,1.008,0.076
1675951611,1.006,0.076
1675951611,1.004,0.074
1675951612,1.005,0.084
1675951612,1.009,0.071
1675951612,1.01,0.091
1675951612,1.009,0.1
1675951612,1.007,0.071
1675951612,1.009,0.081
1675951612,1.007,0.079
1675951612,1.006,0.072
1675951612,1.005,0.078
1675951612,1.006,0.062
1675951612,1.009,0.101
1675951612,1.006,0.07
1675951612,1.006,0.068
1675951612,1.011,0.091
1675951612,1.006,0.078
1675951612,1.007,0.076
1675951612,1.005,0.075
1675951612,1.008,0.083
1675951612,1.008,0.076
1675951612,1.008,0.075
1675951613,1.007,0.088
1675951613,1.005,0.065
1675951613,1.007,0.111
1675951613,1.007,0.094
1675951613,1.007,0.093
1675951613,1.008,0.099
1675951613,1.01,0.077
1675951613,1.008,0.074
1675951613,1.008,0.073
1675951613,1.009,0.098
1675951613,1.009,0.098
1675951613,1.008,0.074
1675951613,1.006,0.089
1675951613,1.007,0.065
1675951613,1.009,0.101
1675951613,1.009,0.079
1675951613,1.006,0.069
1675951613,1.01,0.101
1675951613,1.01,0.077
1675951613,1.01,0.094
1675951614,1.009,0.078
1675951614,1.007,0.066
1675951614,1.006,0.088
1675951614,1.006,0.058
1675951614,1.008,0.077
1675951614,1.008,0.066
1675951614,1.005,0.054
1675951614,1.01,0.061
1675951614,1.008,0.081
1675951614,1.01,0.095
1675951614,1.005,0.079
1675951614,1.011,0.074
1675951614,1.009,0.055
1675951614,1.005,0.084
1675951614,1.002,0.047
1675951614,1.004,0.069
1675951614,1.011,0.068
1675951614,1.007,0.069
1675951614,1.008,0.083
1675951614,1.008,0.088
1675951615,1.008,0.085
1675951615,1.007,0.09
1675951615,1.008,0.077
1675951615,1.004,0.065
1675951615,1.005,0.07
1675951615,1.005,0.072
1675951615,1.006,0.083
1675951615,1.004,0.057
1675951615,1.006,0.05
1675951615,1.006,0.096
1675951615,1.004,0.062
1675951615,1.005,0.058
1675951615,1.003,0.083
1675951615,1.005,0.05
1675951615,1.007,0.085
1675951615,1.005,0.09
1675951615,1.007,0.082
1675951615,1.009,0.093
1675951615,1.009,0.075
1675951615,1.009,0.071
1675951616,1.009,0.077
1675951616,1.008,0.088
1675951616,1.006,0.083
1675951616,1.005,0.079
1675951616,1.006,0.081
1675951616,0.999,0.082
1675951616,1.009,0.073
1675951616,1.009,0.082
1675951616,1.009,0.069
1675951616,1.007,0.087
1675951616,1.006,0.086
1675951616,1.005,0.076
1675951616,1.005,0.081
1675951616,1.003,0.076
1675951616,1.008,0.062
1675951616,1.009,0.089
1675951616,1.006,0.087
1675951616,1.004,0.069
1675951616,1.003,0.087
1675951616,1.008,0.094
1675951617,1.007,0.08
1675951617,1.008,0.078
1675951617,1.006,0.079
1675951617,1.009,0.069
1675951617,1.007,0.084
1675951617,1.007,0.081
1675951617,1.007,0.086
1675951617,1.006,0.07
1675951617,1.003,0.074
1675951617,1.004,0.065
1675951617,1.006,0.08
1675951617,1.007,0.08
1675951617,1.004,0.077
1675951617,1.008,0.074
1675951617,1.009,0.08
1675951617,1.004,0.075
1675951617,1.006,0.092
1675951617,1.004,0.078
1675951617,1.002,0.076
1675951617,1.005,0.072
1675951618,1.006,0.078
1675951618,1.005,0.082
1675951618,1.007,0.077
1675951618,1.009,0.073
1675951618,1.003,0.073
1675951618,1.008,0.082
1675951618,1.003,0.078
1675951618,1.006,0.078
1675951618,1.004,0.079
1675951618,1.004,0.082
1675951618,1.006,0.076
1675951618,1.005,0.07
1675951618,1.007,0.078
1675951618,1.009,0.075
1675951618,1.006,0.078
1675951618,1.008,0.079
1675951618,1.007,0.068
1675951618,1.003,0.083
1675951618,1.008,0.083
1675951618,1.004,0.074
1675951619,1.006,0.076
1675951619,1.008,0.076
1675951619,1.007,0.076
1675951619,1.004,0.077
1675951619,1.007,0.076
1675951619,1.005,0.078
1675951619,1.01,0.073
1675951619,1.006,0.079
1675951619,1.005,0.083
1675951619,1.007,0.075
1675951619,1.007,0.074
1675951619,1.01,0.083
1675951619,1.009,0.086
1675951619,1.009,0.078
1675951619,1.007,0.08
1675951619,1.005,0.084
1675951619,1.011,0.078
1675951619,1.009,0.087
1675951619,1.008,0.073
1675951619,1.009,0.077
1675951620,1.004,0.073
1675951620,1.005,0.077
1675951620,1.005,0.078
1675951620,1.007,0.077
1675951620,1.008,0.077
1675951620,1.006,0.073
1675951620,1.006,0.078
1675951620,1.006,0.076
1675951620,1.006,0.083
1675951620,1.005,0.082
1675951620,1.007,0.077
1675951620,1.002,0.083
1675951620,1.005,0.078
1675951620,1.008,0.077
1675951620,1.005,0.08
1675951620,1.007,0.079
1675951620,1.004,0.075
1675951620,1.007,0.077
1675951620,1.004,0.081
1675951620,1.005,0.077
1675951621,1.007,0.071
1675951621,1.007,0.073
1675951621,1.007,0.085
1675951621,1.006,0.084
1675951621,1.009,0.083
1675951621,1.007,0.078
1675951621,1.005,0.074
1675951621,1.007,0.074
1675951621,1.007,0.072
1675951621,1.008,0.076
1675951621,1.007,0.08
1675951621,1.007,0.077
1675951621,1.008,0.076
1675951621,1.005,0.074
1675951621,1.008,0.081
1675951621,1.007,0.069
1675951621,1.005,0.072
1675951621,1.007,0.074
1675951621,1,0.067
1675951621,1.003,0.078
1675951622,1.004,0.076
1675951622,1.006,0.072
1675951622,1.008,0.073
1675951622,1.007,0.078
1675951622,1.008,0.075
1675951622,1.005,0.068
1675951622,1.004,0.068
1675951622,1.005,0.086
1675951622,1.006,0.084
1675951622,1.003,0.078
1675951622,1.004,0.079
1675951622,1.003,0.083
1675951622,1.004,0.068
1675951622,1.006,0.072
1675951622,1.007,0.08
1675951622,1.005,0.08
1675951622,1.004,0.083
1675951622,1.006,0.081
1675951622,1.006,0.078
1675951622,1.006,0.076
1675951623,1.006,0.08
1675951623,1.005,0.079
1675951623,1.008,0.076
1675951623,1.002,0.07
1675951623,1.006,0.081
1675951623,1.006,0.08
1675951623,1.005,0.083
1675951623,1.005,0.087
1675951623,1.007,0.081
1675951623,1.006,0.068
1675951623,1.005,0.077
1675951623,1.007,0.069
1675951623,1.007,0.079
1675951623,1.003,0.082
1675951623,1.008,0.082
1675951623,1.003,0.079
1675951623,1.006,0.076
1675951623,1.004,0.071
1675951623,1.005,0.076
1675951623,1.005,0.08
1675951624,1.006,0.075
1675951624,1.005,0.08
1675951624,1.01,0.08
1675951624,1.006,0.075
1675951624,1.005,0.081
1675951624,1.005,0.077
1675951624,1.008,0.073
1675951624,1.006,0.076
1675951624,1.006,0.082
1675951624,1.007,0.066
1675951624,1.005,0.082
1675951624,1.007,0.071
1675951624,1.004,0.079
1675951624,1.006,0.074
1675951624,1.006,0.072
1675951624,1.006,0.074
1675951624,1.008,0.08
1675951624,1.004,0.079
1675951624,1.007,0.082
1675951624,1.006,0.081
1675951625,1.006,0.077
1675951625,1.008,0.069
1675951625,1.006,0.08
1675951625,1.005,0.072
1675951625,1.006,0.073
1675951625,1.007,0.076
1675951625,1.006,0.077
1675951625,1.002,0.067
1675951625,1.005,0.078
1675951625,1.003,0.072
1675951625,1.003,0.072
1675951625,1.007,0.083
1675951625,1.008,0.072
1675951625,1.007,0.075
1675951625,1.009,0.076
1675951625,1.004,0.083
1675951625,1.008,0.076
1675951625,1.007,0.077
1675951625,1.006,0.076
1675951625,1.008,0.078
1675951626,1.005,0.082
1675951626,1.011,0.078
1675951626,1.006,0.084
1675951626,1.005,0.085
1675951626,1.005,0.075
1675951626,1.007,0.077
1675951626,1.006,0.085
1675951626,1.006,0.073
1675951626,1.005,0.081
1675951626,1.007,0.078
1675951626,1.005,0.077
1675951626,1.008,0.071
1675951626,1.007,0.081
1675951626,1.006,0.077
1675951626,1.006,0.073
1675951626,1.006,0.077
1675951626,1.007,0.069
1675951626,1.004,0.083
1675951626,1.002,0.072
1675951626,1.006,0.074
1675951627,1.007,0.081
1675951627,1.005,0.081
1675951627,1.008,0.082
1675951627,1.006,0.071
1675951627,1.006,0.074
1675951627,1.011,0.076
1675951627,1.01,0.077
1675951627,1.007,0.081
1675951627,1.005,0.076
1675951627,1.003,0.077
1675951627,1.008,0.074
1675951627,1.002,0.079
1675951627,1.006,0.079
1675951627,1.007,0.089
1675951627,1.01,0.084
1675951627,1.006,0.067
1675951627,1.008,0.076
1675951627,1.003,0.065
1675951627,1.005,0.079
1675951627,1.005,0.085
1675951628,1.007,0.074
1675951628,1.006,0.084
1675951628,1.008,0.086
1675951628,1.008,0.068
1675951628,1.007,0.088
1675951628,1.004,0.072
1675951628,1.005,0.067
1675951628,1.007,0.08
1675951628,1.005,0.076
1675951628,1.006,0.084
1675951628,1.004,0.09
1675951628,1.005,0.087
1675951628,1.006,0.082
1675951628,1.007,0.071
1675951628,1.005,0.079
1675951628,1.006,0.079
1675951628,1.005,0.071
1675951628,1.005,0.074
1675951628,1.004,0.079
1675951628,1.002,0.088
1675951629,1.007,0.079
1675951629,1.004,0.088
1675951629,1.005,0.061
1675951629,1.007,0.075
1675951629,1.007,0.075
1675951629,1.008,0.085
1675951629,1.005,0.083
1675951629,1.008,0.069
1675951629,1.007,0.073
1675951629,1.008,0.077
1675951629,1.008,0.079
1675951629,1.008,0.088
1675951629,1.009,0.09
1675951629,1.007,0.063
1675951629,1.006,0.078
1675951629,1.001,0.061
1675951629,1.004,0.049
1675951629,1.008,0.055
1675951629,1.005,0.09
1675951629,1.009,0.093
1675951630,1.006,0.091
1675951630,1.005,0.078
1675951630,1.005,0.083
1675951630,1.007,0.069
1675951630,1.005,0.076
1675951630,1.005,0.07
1675951630,1.005,0.068
1675951630,1.006,0.072
1675951630,1.007,0.09
1675951630,1.007,0.054
1675951630,1.005,0.072
1675951630,1.005,0.063
1675951630,1.006,0.062
1675951630,1.005,0.069
1675951630,1.006,0.069
1675951630,1.004,0.072
1675951630,1.004,0.094
1675951630,1.006,0.101
1675951630,1.006,0.087
1675951630,1.004,0.053
1675951631,1.004,0.074
1675951631,1.003,0.063
1675951631,1.008,0.087
1675951631,1.007,0.093
1675951631,1.008,0.097
1675951631,1.005,0.069
1675951631,1.004,0.068
1675951631,1.007,0.112
1675951631,1.006,0.092
1675951631,1.006,0.059
1675951631,1.008,0.088
1675951631,1.005,0.077
1675951631,1.004,0.065
1675951631,1.004,0.094
1675951631,1.005,0.063
1675951631,1.004,0.088
1675951631,1.005,0.07
1675951631,1.005,0.059
1675951631,1.007,0.078
1675951631,1.006,0.105
1675951632,1.008,0.077
1675951632,1.003,0.054
1675951632,1.004,0.079
1675951632,1.006,0.065
1675951632,1.007,0.07
1675951632,1.008,0.088
1675951632,1.006,0.075
1675951632,1.008,0.078
1675951632,1.007,0.07
1675951632,1.005,0.094
1675951632,1.006,0.079
1675951632,1.007,0.064
1675951632,1.003,0.07
1675951632,1.005,0.074
1675951632,1.008,0.101
1675951632,1.007,0.06
1675951632,1.004,0.067
1675951632,1.009,0.093
1675951632,1.007,0.05
1675951632,1.011,0.081
1675951633,1.006,0.063
1675951633,1.005,0.068
1675951633,1.006,0.072
1675951633,1.006,0.059
1675951633,1.004,0.079
1675951633,1.008,0.082
1675951633,1.008,0.071
1675951633,1.007,0.076
1675951633,1.006,0.08
1675951633,1.009,0.089
1675951633,1.003,0.079
1675951633,1.007,0.067
1675951633,1.007,0.088
1675951633,1.006,0.081
1675951633,1.005,0.08
1675951633,1.004,0.079
1675951633,1.008,0.075
1675951633,1.012,0.11
1675951633,1.008,0.073
1675951633,1.005,0.081
1675951634,1.006,0.067
1675951634,1.009,0.087
1675951634,1.007,0.071
1675951634,1.004,0.073
1675951634,1.004,0.078
1675951634,1.006,0.076
1675951634,1.008,0.072
1675951634,1.006,0.073
1675951634,1.006,0.072
1675951634,1.008,0.072
1675951634,1.004,0.068
1675951634,1.006,0.082
1675951634,1.009,0.069
1675951634,1.009,0.084
1675951634,1.007,0.074
1675951634,1.01,0.078
1675951634,1.004,0.074
1675951634,1.009,0.085
1675951634,1.006,0.073
1675951634,1.004,0.079
1675951635,1.007,0.081
1675951635,1.006,0.063
1675951635,1.004,0.071
1675951635,1.004,0.086
1675951635,1.001,0.081
1675951635,1.005,0.074
1675951635,1.005,0.075
1675951635,1.009,0.081
1675951635,1.002,0.081
1675951635,1.006,0.077
1675951635,1.003,0.075
1675951635,1.002,0.077
1675951635,1.005,0.069
1675951635,1.005,0.066
1675951635,1.009,0.074
1675951635,1.007,0.076
1675951635,1.004,0.071
1675951635,1.005,0.077
1675951635,1.009,0.082
1675951635,1.005,0.091
1675951636,1.006,0.075
1675951636,1.003,0.075
1675951636,1.005,0.075
1675951636,1.008,0.08
1675951636,1.004,0.076
1675951636,1.007,0.073
1675951636,1.006,0.074
1675951636,1.01,0.086
1675951636,1.006,0.079
1675951636,1.006,0.08
1675951636,1.006,0.076
1675951636,1.007,0.082
1675951636,1.007,0.068
1675951636,1.009,0.078
1675951636,1.007,0.077
1675951636,1.013,0.083
1675951636,1.007,0.077
1675951636,1.008,0.076
1675951636,1.007,0.08
1675951636,1.007,0.072
1675951637,1.005,0.075
1675951637,1.005,0.074
1675951637,1.004,0.081
1675951637,1.002,0.084
1675951637,1.009,0.085
1675951637,1.003,0.078
1675951637,1.006,0.08
1675951637,1.005,0.073
1675951637,1.004,0.081
1675951637,1.007,0.075
1675951637,1.005,0.073
1675951637,1.009,0.083
1675951637,1.006,0.078
1675951637,1.007,0.078
1675951637,1.004,0.074
1675951637,1.005,0.078
1675951637,1.006,0.077
1675951637,1.006,0.077
1675951637,1.004,0.076
1675951637,1.005,0.076
1675951638,1.01,0.078
1675951638,1.009,0.078
1675951638,1.006,0.074
1675951638,1.006,0.075
1675951638,1.008,0.076
1675951638,1.005,0.083
1675951638,1.005,0.078
1675951638,1.007,0.077
1675951638,1.006,0.076
1675951638,1.004,0.079
1675951638,1.009,0.08
1675951638,1.01,0.072
1675951638,1.009,0.082
1675951638,1.004,0.084
1675951638,1.005,0.091
1675951638,1.008,0.079
1675951638,1.006,0.066
1675951638,1.008,0.074
1675951638,1.007,0.081
1675951638,1.01,0.078
1675951639,1.009,0.072
1675951639,1.007,0.077
1675951639,1.007,0.074
1675951639,1.009,0.068
1675951639,1.007,0.078
1675951639,1.008,0.076
1675951639,1.006,0.088
1675951639,1.007,0.072
1675951639,1.006,0.082
1675951639,1.008,0.078
1675951639,1.007,0.077
1675951639,1.005,0.077
1675951639,1.001,0.071
1675951639,1.008,0.077
1675951639,1.006,0.081
1675951639,1.006,0.076
1675951639,1.009,0.086
1675951639,1.004,0.075
1675951639,1.007,0.083
1675951639,1.005,0.065
1675951640,1.007,0.073
1675951640,1.008,0.083
1675951640,1.009,0.077
1675951640,1.01,0.085
1675951640,1.007,0.083
1675951640,1.005,0.087
1675951640,1.006,0.07
1675951640,1.007,0.079
1675951640,1.008,0.078
1675951640,1.007,0.077
1675951640,1.004,0.078
1675951640,1.007,0.078
1675951640,1.006,0.078
1675951640,1.011,0.082
1675951640,1.008,0.073
1675951640,1.008,0.071
1675951640,1.008,0.076
1675951640,1.001,0.083
1675951640,1.008,0.082
1675951640,1.009,0.085
1675951641,1.007,0.078
1675951641,1.01,0.079
1675951641,1.006,0.081
1675951641,1.009,0.074
1675951641,1.009,0.076
1675951641,1.008,0.081
1675951641,1.01,0.075
1675951641,1.004,0.076
1675951641,1.001,0.078
1675951641,1.005,0.069
1675951641,1.006,0.077
1675951641,1.004,0.073
1675951641,1.007,0.074
1675951641,1.006,0.073
1675951641,1.005,0.072
1675951641,1.005,0.072
1675951641,1.004,0.073
1675951641,1.001,0.075
1675951641,1.008,0.078
1675951641,1.004,0.083
1675951642,1.005,0.071
1675951642,1.002,0.08
1675951642,1.007,0.083
1675951642,1.004,0.085
1675951642,1.006,0.077
1675951642,1.007,0.078
1675951642,1.007,0.082
1675951642,1.005,0.079
1675951642,1.006,0.077
1675951642,1.007,0.07
1675951642,1.004,0.084
1675951642,1.006,0.08
1675951642,1.003,0.072
1675951642,1.002,0.077
1675951642,1.006,0.078
1675951642,1.007,0.071
1675951642,1.006,0.073
1675951642,1.003,0.073
1675951642,1.003,0.075
1675951642,1.008,0.073
1675951643,1.006,0.069
1675951643,1.005,0.076
1675951643,1.006,0.075
1675951643,1.004,0.074
1675951643,1.007,0.074
1675951643,1.002,0.069
1675951643,1.002,0.078
1675951643,1.005,0.066
1675951643,1.004,0.077
1675951643,1.005,0.074
1675951643,1.006,0.088
1675951643,1.005,0.076
1675951643,1.006,0.082
1675951643,1.004,0.073
1675951643,1.004,0.073
1675951643,1.003,0.081
1675951643,1.006,0.076
1675951643,1.006,0.071
1675951643,1.004,0.077
1675951643,1.005,0.076
1675951644,1.006,0.073
1675951644,1.005,0.082
1675951644,1.005,0.079
1675951644,1.009,0.074
1675951644,1.008,0.071
1675951644,1.012,0.072
1675951644,1.008,0.081
1675951644,1.007,0.072
1675951644,1.006,0.074
1675951644,1.007,0.077
1675951644,1.006,0.075
1675951644,1.01,0.082
1675951644,1.008,0.081
1675951644,1.006,0.071
1675951644,1.007,0.073
1675951644,1.008,0.071
1675951644,1.007,0.071
1675951644,1.003,0.081
1675951644,1.002,0.077
1675951644,1.008,0.076
1675951645,1.005,0.091
1675951645,1.007,0.067
1675951645,1.007,0.076
1675951645,1.009,0.071
1675951645,1.005,0.062
1675951645,1.006,0.082
1675951645,1.008,0.074
1675951645,1.006,0.073
1675951645,1.009,0.077
1675951645,1.006,0.072
1675951645,1.007,0.089
1675951645,1.008,0.072
1675951645,1.007,0.085
1675951645,1.006,0.078
1675951645,1.005,0.068
1675951645,1.002,0.074
1675951645,1.004,0.067
1675951645,1.004,0.089
1675951645,1.006,0.073
1675951645,1.003,0.067
1675951646,1.005,0.083
1675951646,1.005,0.079
1675951646,1.001,0.074
1675951646,1.008,0.074
1675951646,1.008,0.082
1675951646,1.004,0.071
1675951646,1.01,0.078
1675951646,1.007,0.098
1675951646,1.008,0.086
1675951646,1.008,0.081
1675951646,1.006,0.073
1675951646,1.007,0.085
1675951646,1.006,0.074
1675951646,1.007,0.073
1675951646,1.008,0.076
1675951646,1.009,0.07
1675951646,1.008,0.089
1675951646,1.009,0.084
1675951646,1.009,0.08
1675951646,1.005,0.069
1675951647,1.009,0.094
1675951647,1.005,0.049
1675951647,1.006,0.035
1675951647,1.008,0.084
1675951647,1.006,0.093
1675951647,1.009,0.079
1675951647,1.006,0.068
1675951647,1.009,0.093
1675951647,1.005,0.092
1675951647,1.008,0.08
1675951647,1.009,0.095
1675951647,1.006,0.053
1675951647,1.005,0.073
1675951647,1.009,0.069
1675951647,1.007,0.057
1675951647,1.002,0.05
1675951647,1.006,0.062
1675951647,1.004,0.08
1675951647,1.005,0.084
1675951647,1.008,0.069
1675951648,1.004,0.07
1675951648,1.005,0.078
1675951648,1.007,0.082
1675951648,1.004,0.066
1675951648,1.006,0.091
1675951648,1.001,0.058
1675951648,1.008,0.068
1675951648,1.696,0.09
1675951648,2.441,0.07
1675951648,2.437,0.071
1675951648,2.437,0.061
1675951648,2.442,0.086
1675951648,2.44,0.082
1675951648,2.438,0.056
1675951648,2.442,0.089
1675951648,2.436,0.06
1675951648,2.442,0.085
1675951648,2.438,0.08
1675951648,2.441,0.09
1675951648,2.445,0.101
1675951649,2.439,0.079
1675951649,1.321,0.073
1675951649,1.006,0.096
1675951649,1.007,0.089
1675951649,1.005,0.079
1675951649,1.007,0.069
1675951649,1.007,0.075
1675951649,1.005,1.837
1675951649,1.006,8.159
1675951649,1.007,8.148
1675951649,1.009,8.104
1675951649,1.005,8.13
1675951649,1.007,8.103
1675951649,1.002,8.143
1675951649,1.003,8.145
1675951649,1.006,8.156
1675951649,1.007,8.147
1675951649,1.006,8.156
1675951649,1.004,8.153
1675951649,1.008,4.107
1675951650,1.005,0.068
1675951650,1.008,0.081
1675951650,1.008,0.083
1675951650,1.005,0.08
1675951650,1.008,0.094
1675951650,1.009,0.092
1675951650,1.005,0.052
1675951650,1.01,0.078
1675951650,1.005,0.096
1675951650,1.008,0.1
1675951650,1.006,0.077
1675951650,1.006,0.092
1675951650,1.009,0.098
1675951650,1.007,0.081
1675951650,1.001,0.066
1675951650,1.008,0.076
1675951650,1.008,0.094
1675951650,1.005,0.069
1675951650,1.009,0.093
1675951650,1.006,0.088
1675951651,1.005,0.078
1675951651,1.005,0.079
1675951651,1.003,0.095
1675951651,1.006,0.065
1675951651,1.003,0.082
1675951651,1.007,0.089
1675951651,1.174,0.081
1675951651,1.661,0.073
1675951651,2.44,0.08
1675951651,2.439,0.064
1675951651,2.44,0.083
1675951651,2.44,0.078
1675951651,2.441,0.078
1675951651,2.441,0.078
1675951651,2.44,0.072
1675951651,2.439,0.079
1675951651,2.44,0.1
1675951651,2.443,0.083
1675951651,2.443,0.091
1675951651,1.546,0.079
1675951652,1.007,0.087
1675951652,1.007,0.079
1675951652,1.003,0.071
1675951652,1.005,0.08
1675951652,1.002,0.073
1675951652,1.005,0.075
1675951652,2.119,0.079
1675951652,2.44,5.172
1675951652,2.443,8.155
1675951652,2.44,8.156
1675951652,2.438,8.163
1675951652,2.436,8.158
1675951652,2.437,8.159
1675951652,2.438,8.157
1675951652,2.438,8.157
1675951652,2.433,8.161
1675951652,2.439,8.157
1675951652,2.436,8.085
1675951652,2.437,0.068
1675951652,2.438,0.07
1675951653,1.839,0.076
1675951653,1.007,0.071
1675951653,1.009,0.078
1675951653,1.004,0.073
1675951653,1.007,0.076
1675951653,1.006,0.076
1675951653,1.004,4.589
1675951653,1.005,8.157
1675951653,1.005,8.149
1675951653,1.006,8.141
1675951653,1.005,8.155
1675951653,1.006,8.15
1675951653,1.006,8.136
1675951653,1.006,8.154
1675951653,1.006,8.151
1675951653,1.004,8.15
1675951653,1.006,8.152
1675951653,1.006,8.148
1675951653,1.007,8.095
1675951653,1.008,2.17
1675951654,1.007,0.077
1675951654,1.009,0.078
1675951654,1.006,0.079
1675951654,1.003,0.086
1675951654,1.006,0.076
1675951654,1.008,0.08
1675951654,1.005,0.08
1675951654,1.006,0.075
1675951654,1.007,0.075
1675951654,1.002,0.087
1675951654,1.005,0.075
1675951654,1.011,0.076
1675951654,1.004,0.071
1675951654,1.007,0.074
1675951654,1.007,0.07
1675951654,1.008,0.078
1675951654,1.007,0.08
1675951654,1.003,0.069
1675951654,1.004,0.08
1675951654,1.006,0.074
1675951655,1.01,0.076
1675951655,1.006,0.078
1675951655,1.007,0.085
1675951655,1.008,0.079
1675951655,1.009,0.074
1675951655,1.006,0.079
1675951655,1.006,0.068
1675951655,1.008,0.07
1675951655,1.007,0.084
1675951655,1.005,0.071
1675951655,1.008,0.079
1675951655,1.007,0.074
1675951655,1.008,0.074
1675951655,1.005,0.079
1675951655,1.008,0.085
1675951655,1.008,0.066
1675951655,1.009,0.078
1675951655,1.006,0.076
1675951655,1.003,0.078
1675951655,1.006,0.077
1675951656,1.007,0.08
1675951656,1.008,0.065
1675951656,1.005,0.08
1675951656,1.004,0.07
1675951656,1.005,0.069
1675951656,1.004,0.08
1675951656,1.006,0.084
1675951656,1.007,0.081
1675951656,1.008,0.075
1675951656,1.004,0.08
1675951656,1.007,0.081
1675951656,1.007,0.078
1675951656,1.008,0.075
1675951656,1.007,0.082
1675951656,1.006,0.079
1675951656,1.006,0.072
1675951656,1.006,0.08
1675951656,1.005,0.075
1675951656,1.005,0.07
1675951656,1.006,0.074
1675951657,1.007,0.079
1675951657,1.007,0.076
1675951657,1.005,0.069
1675951657,1.004,0.081
1675951657,1.004,0.074
1675951657,1.007,0.077
1675951657,1.007,0.08
1675951657,1.004,0.074
1675951657,1.004,0.071
1675951657,1.004,0.07
1675951657,1.006,0.084
1675951657,1.002,0.061
1675951657,1.006,0.098
1675951657,1.005,0.078
1675951657,1.008,0.082
1675951657,1.009,0.074
1675951657,1.007,0.087
1675951657,1.007,0.074
1675951657,1.004,0.08
1675951657,1.007,0.072
1675951658,1.003,0.074
1675951658,1.007,0.078
1675951658,1.006,0.075
1675951658,1.005,0.079
1675951658,1.007,0.08
1675951658,1.004,0.081
1675951658,1.006,0.072
1675951658,1.005,0.081
1675951658,1.003,0.068
1675951658,1.008,0.079
1675951658,1.004,0.079
1675951658,1.006,0.071
1675951658,1.008,0.076
1675951658,1.004,0.082
1675951658,1.007,0.075
1675951658,1.005,0.087
1675951658,1.005,0.081
1675951658,1.007,0.078
1675951658,1.007,0.083
1675951658,1.004,0.078
1675951659,1.008,0.075
1675951659,1.005,0.077
1675951659,1.004,0.079
1675951659,1.005,0.079
1675951659,1.008,0.076
1675951659,1.008,0.081
1675951659,1.003,0.071
1675951659,1.007,0.078
1675951659,1.005,0.079
1675951659,1.004,0.081
1675951659,1.008,0.069
1675951659,1.006,0.08
1675951659,1.005,0.079
1675951659,1.007,0.076
1675951659,1.007,0.065
1675951659,1.006,0.069
1675951659,1.003,0.085
1675951659,1.006,0.079
1675951659,1.005,0.077
1675951659,1.005,0.076
1675951660,1.006,0.081
1675951660,1.006,0.084
1675951660,1.005,0.072
1675951660,1.006,0.082
1675951660,1.008,0.079
1675951660,1.007,0.069
1675951660,1.005,0.067
1675951660,1.008,0.08
1675951660,1.008,0.085
1675951660,1.009,0.075
1675951660,1.005,0.078
1675951660,1.006,0.076
1675951660,1.008,0.084
1675951660,1.007,0.071
1675951660,1.006,0.074
1675951660,1.005,0.079
1675951660,1.007,0.082
1675951660,1.004,0.076
1675951660,1.006,0.077
1675951660,1.004,0.079
1675951661,1.008,0.081
1675951661,1.007,0.078
1675951661,1.008,0.081
1675951661,1.005,0.074
1675951661,1.002,0.076
1675951661,1.003,0.081
1675951661,1.006,0.076
1675951661,1.001,0.067
1675951661,1.005,0.068
1675951661,1.006,0.081
1675951661,1.004,0.074
1675951661,1.005,0.074
1675951661,1.004,0.077
1675951661,1.005,0.071
1675951661,1.003,0.082
1675951661,1.005,0.07
1675951661,1.007,0.074
1675951661,0.997,0.051
1675951661,1.008,0.083
1675951661,1.008,0.073
1675951662,1.004,0.072
1675951662,1.006,0.075
1675951662,1.008,0.069
1675951662,1.006,0.08
1675951662,1.008,0.067
1675951662,1.005,0.076
1675951662,1.008,0.075
1675951662,1.008,0.08
1675951662,1.007,0.078
1675951662,1.007,0.074
1675951662,1.005,0.072
1675951662,1.008,0.069
1675951662,1.008,0.087
1675951662,1.005,0.079
1675951662,1.005,0.076
1675951662,1.006,0.078
1675951662,1.007,0.075
1675951662,1.003,0.07
1675951662,1.005,0.065
1675951662,1.006,0.081
1675951663,1.005,0.072
1675951663,1.005,0.084
1675951663,1.004,0.077
1675951663,1.008,0.08
1675951663,1.006,0.077
1675951663,1.004,0.075
1675951663,1.003,0.058
1675951663,1.004,0.081
1675951663,1.003,0.072
1675951663,1.003,0.073
1675951663,1.005,0.081
1675951663,1.003,0.068
1675951663,1.005,0.051
1675951663,1.004,0.083
1675951663,1.007,0.079
1675951663,1.003,0.08
1675951663,1.003,0.075
1675951663,1.004,0.087
1675951663,1.003,0.064
1675951663,1.005,0.079
1675951664,1.006,0.088
1675951664,1.007,0.068
1675951664,1.003,0.067
1675951664,1.004,0.067
1675951664,1.004,0.081
1675951664,1.006,0.077
1675951664,1.007,0.074
1675951664,1.007,0.076
1675951664,1.005,0.069
1675951664,1.007,0.082
1675951664,1.007,0.074
1675951664,1.002,0.075
1675951664,1.005,0.086
1675951664,1.004,0.077
1675951664,1.004,0.06
1675951664,1.008,0.073
1675951664,1.005,0.064
1675951664,1.005,0.078
1675951664,1.001,0.098
1675951664,1.006,0.081
1675951665,1.004,0.068
1675951665,1.006,0.085
1675951665,1.008,0.075
1675951665,1.005,0.085
1675951665,1.004,0.089
1675951665,1.007,0.066
1675951665,1.005,0.077
1675951665,1.006,0.074
1675951665,1.006,0.069
1675951665,1.011,0.098
1675951665,1.009,0.086
1675951665,1.003,0.065
1675951665,1.006,0.074
1675951665,1.006,0.072
1675951665,1.006,0.069
1675951665,1.005,0.079
1675951665,1.002,0.08
1675951665,1.004,0.066
1675951665,1.001,0.076
1675951665,1.004,0.069
1675951666,1.003,0.072
1675951666,1.007,0.085
1675951666,1.004,0.087
1675951666,1.004,0.076
1675951666,1.005,0.07
1675951666,1.007,0.072
1675951666,1.006,0.08
1675951666,1.005,0.062
1675951666,1.007,0.069
1675951666,1.007,0.084
